2688 4730
199 292 510 352 AOADEbssCORUM
527 292 704 352 PRIORUM
720 293 759 348 11.
777 294 887 349 56-61.
1012 278 1055 343 43

30 420 166 508 primum
184 418 239 503 qui
255 418 388 506 potestis
405 440 471 486 non
487 419 639 506 inpediri,
663 441 736 484 cum
753 442 774 483 a
791 417 874 486 veris
891 415 973 484 falsa
989 438 1056 489 non

31 516 163 582 distent?
181 513 296 582 deinde
310 513 397 600 quod
410 513 563 580 iudicium
579 524 629 580 est
646 514 723 594 veri,
741 535 814 578 cum
832 513 874 579 sit
887 533 1057 582 commune.

30 610 119 676 falsi?
140 632 181 678 ex
198 610 247 676 his
264 609 321 676 illa
336 609 515 676 necessario
533 619 608 675 nata
626 619 675 676 est
693 606 807 696 ἐποχή,
824 607 859 672 id
876 618 925 674 est
942 607 1056 672 adsen-

31 706 125 772 sionis
142 705 291 782 retentio,
312 705 347 770 in
368 726 433 791 qua
453 705 567 772 melius
591 705 654 771 sibi
671 703 812 771 constitit
829 702 1007 781 Arcesilas,
1030 703 1057 767 si

30 824 104 866 vera
122 811 196 866 sunt
210 821 292 884 quae
306 800 346 866 de
356 797 523 867 Carneade
541 822 606 866 non
619 799 699 867 nulli
713 798 908 864 existimant:
928 797 955 862 si
972 798 1057 862 enim

30 897 149 984 percipi
170 896 248 962 nihil
269 907 389 984 potest,
416 897 503 981 quod
526 897 652 982 utrique
680 896 785 961 visum
808 905 870 974 est,
897 894 1056 962 tollendus

30 992 183 1058 adsensus
202 1001 259 1056 111.
304 990 382 1076 quid
400 991 484 1057 enim
502 1003 551 1058 111
573 1002 640 1057 tarn
661 991 752 1058 futile
770 1012 867 1075 quam
884 990 1057 1074 quiequam

30 1085 206 1174 adprobare
223 1107 288 1151 non
305 1085 488 1172 cognitum?
519 1084 722 1153 Carneadem
744 1096 851 1150 autem
869 1084 966 1151 etiam
987 1083 1058 1150 heri

29 1180 237 1246 audiebamus
260 1180 388 1246 solitum
406 1203 475 1248 esse
498 1204 530 1248 eo
553 1181 660 1248 delabi
680 1181 853 1258 interdum,
880 1191 917 1250 ut
938 1179 1058 1247 diceret

29 1277 245 1362 opinaturum,
270 1274 306 1341 id
329 1288 392 1354 est,
419 1287 625 1363 peccaturum
652 1299 721 1343 esse
745 1275 931 1364 sapientem.
979 1269 1078 1338 111111Ι

27 1393 122 1456 porro
139 1393 205 1436 non
222 1381 288 1436 tam
302 1382 424 1437 certum
438 1382 486 1440 est
500 1395 569 1438 esse
587 1371 718 1456 aliquid,
737 1370 825 1457 quod
844 1369 1059 1456 conprehendi

28 1465 143 1551 possit,
167 1464 207 1532 de
225 1464 371 1549 quoiam
388 1465 522 1531 nimium
540 1467 636 1533 etiam
655 1467 710 1531 diu
729 1466 873 1552 disputo,
891 1486 989 1549 quam
1007 1487 1058 1532 sa·

27 1563 169 1647 pientem
190 1560 270 1626 nihil
292 1562 429 1648 opinari,
455 1561 489 1628 id
508 1573 557 1629 111
573 1585 751 1648 numquam
769 1561 920 1628 adsentiri
942 1561 989 1626 rei
1006 1560 1059 1626 vel

28 1657 129 1723 falsae
146 1655 198 1724 111
215 1656 405 1744 incognitae,
514 1658 627 1724 Restat
642 1658 732 1735 illud,
751 1657 838 1742 quod
856 1654 974 1735 dicunt,
992 1654 1059 1721 veri
1080 1673 1106 1715 10
1146 1647 1148 1654 ’

27 1751 215 1818 inveniundi
233 1774 330 1820 causa
345 1764 454 1819 contra
468 1753 575 1819 omnia
589 1753 652 1818 dici
670 1763 815 1840 oportere
833 1761 865 1817 et
881 1773 939 1839 pro
957 1750 1059 1818 omni·

29 1847 100 1910 bus.
145 1846 217 1912 volo
233 1846 332 1934 igitur
349 1847 458 1915 videre
477 1847 554 1932 quid
572 1847 762 1914 invenerint.
807 1854 888 1914 ‘non
905 1843 1058 1914 solemus'

28 1941 133 2025 inquit
152 1943 352 2010 ‘ostendere'
397 1964 482 2029 quae
500 1955 574 2008 sunt
591 1943 722 2010 tandem
738 1943 801 2009 ista
817 1941 987 2029 mysteria?
1004 1951 1061 2008 aut

30 2057 88 2102 cur
106 2036 225 2114 celatis,
244 2038 334 2122 quasi
352 2048 445 2126 turpe
463 2038 593 2123 aliquid,
613 2039 802 2105 sententiam
820 2036 977 2104 vestram?
999 2042 1060 2112 ‘ut,

29 2131 87 2216 qui
104 2131 234 2197 audient
240 2132 259 2209 ,'
278 2133 381 2217 inquit
399 2135 537 2200 ‘ratione
554 2135 660 2220 potius
678 2152 776 2218 quam
795 2132 983 2200 auctoritate
1001 2131 1060 2196 du-

30 2226 164 2292 cantur.'
209 2227 300 2313 quid,
323 2228 351 2293 si
368 2239 519 2316 utroque,
540 2251 618 2294 num
635 2229 727 2314 peius
745 2228 813 2294 est?
834 2250 934 2294 unum
952 2238 1059 2294 tamen

28 2321 111 2386 illud
136 2319 201 2388 non
223 2324 341 2401 celant,
367 2323 446 2390 nihil
469 2346 538 2390 esse
561 2325 648 2408 quod
669 2324 790 2412 percipi
812 2323 922 2410 possit.
967 2347 1010 2390 an
1025 2321 1059 2387 in

29 2437 69 2484 1ο
89 2416 259 2486 auctoritas
276 2418 356 2484 nihil
373 2419 483 2486 obest?
504 2419 583 2486 mihi
600 2419 731 2504 quidem
748 2419 875 2485 videtur
891 2419 944 2485 vel
960 2415 1060 2505 pluri-

28 2533 136 2576 mum:
166 2511 238 2597 quis
265 2512 350 2578 enim
371 2514 433 2580 ista
454 2524 521 2580 tarn
544 2525 653 2602 aperte
674 2513 907 2602 perspicueque
929 2523 963 2580 et
986 2535 1059 2598 per-

28 2630 127 2676 versa
143 2617 176 2672 et
192 2606 274 2674 falsa
290 2619 419 2674 secutus
437 2622 530 2688 esset,
548 2611 609 2676 nisi
627 2620 716 2676 tanta
733 2609 767 2676 in
784 2608 940 2686 Arcesila,
959 2607 1060 2672 multo

29 2703 131 2768 etiam
146 2704 248 2768 maior
269 2704 303 2768 11
322 2701 506 2783 Carneade,
530 2717 562 2770 et
580 2705 672 2791 copia
693 2725 801 2772 rerum
819 2714 851 2770 et
869 2701 994 2769 dicendi
1012 2702 1060 2768 vis

28 2797 166 2863 fuisset?
509 2855 512 2860 .

97 2893 191 2957 Haec
212 2893 393 2960 Antiochus
416 2894 484 2960 fere
508 2905 539 2960 11
561 2893 785 2960 Alexandreae
807 2903 876 2957 tum
899 2902 931 2958 11
952 2889 1060 2958 multis
1079 2877 1112 2992 ἒξ

29 2987 125 3054 annis
143 3000 215 3074 post
231 2990 332 3055 multo
347 2990 443 3056 etiam
461 2990 710 3066 adseverantius,
729 2987 868 3075 inSyria
887 3011 961 3054 cum
978 2997 1062 3054 esset

28 3105 176 3160 mecum,
202 3083 298 3171 paulo
325 3095 398 3150 ante
425 3106 522 3169 quam
545 3094 593 3151 est
614 3095 770 3150 mortuus.
819 3083 876 3148 sed
896 3082 961 3149 iam
987 3103 1062 3147 con·

27 3179 160 3242 firmata
186 3199 282 3244 causa
308 3189 355 3258 te,
382 3178 544 3246 hominem
571 3178 798 3245 amicissimum
815 3214 859 3224 —
874 3200 927 3243 me
954 3187 1061 3244 autem

29 3271 217 3360 appellabat
233 3309 277 3322 -
293 3284 326 3340 11
348 3274 470 3360 aliquot
488 3274 579 3340 annis
596 3273 752 3339 minorem
770 3283 863 3349 natu,
885 3294 951 3337 non
968 3270 1061 3336 dubi·

29 3367 110 3434 tabo
136 3388 280 3435 monere:
312 3379 403 3447 tune,
430 3392 504 3436 cum
531 3368 627 3435 tantis
643 3367 803 3456 laudibus
828 3364 1061 3454 philosophiam

28 3462 186 3528 extuleris
204 3464 477 3550 Hortensiumque
500 3476 644 3531 nostrum
666 3463 905 3530 dissentientem
922 3482 1062 3526 commo-

28 3557 133 3634 veris,
161 3580 232 3624 eam
257 3558 491 3648 philosophiam
513 3581 661 3644 sequere,
689 3580 771 3642 quae
793 3556 959 3624 confundit
984 3578 1061 3621 vera

28 3675 109 3718 cum
125 3651 224 3732 falsis,
243 3655 358 3742 spoliat
375 3677 433 3723 nos
450 3654 579 3733 iudicio,
596 3653 700 3742 privat
719 3652 947 3740 adprobatione
964 3651 1061 3726 omni,

28 3747 126 3814 orbat
148 3749 313 3816 sensibus?
339 3761 371 3818 et
389 3747 570 3817 Cimmeriis
593 3749 738 3834 quidem,
763 3746 879 3832 quibus
897 3754 1062 3833 aspectum

27 3842 110 3908 solis
137 3843 204 3909 1111
231 3844 310 3910 deus
335 3845 450 3930 aliquis
477 3845 545 3912 sive
570 3854 685 3910 natura
711 3842 873 3908 ademerat
899 3841 966 3907 sive
993 3840 1062 3904 eius

26 3939 111 4016 loci,
130 3961 227 4024 quem
244 3940 440 4019 incolebant,
464 3940 558 4018 situs,
576 3939 667 4026 ignes
685 3947 793 4003 tamen
811 3936 959 4012 aderant,
982 3955 1062 4019 quo-

24 4058 106 4102 rum
123 4035 185 4100 illis
207 4035 254 4100 uti
271 4035 391 4102 lumine
408 4035 540 4102 licebat:
563 4033 616 4100 isti
634 4043 757 4110 autem,
779 4052 860 4118 quos
878 4041 913 4095 tu
934 4028 1061 4115 probas,

25 4133 130 4208 tantis
149 4132 260 4214 offusis
281 4132 420 4204 tenebris
443 4155 484 4204 11
507 4129 676 4200 scintillam
699 4127 828 4218 quidem
849 4126 948 4195 ullam
970 4121 1062 4194 nobis
