2688 4730
187 382 498 444 AoADEMIOORUM
516 382 621 448 QUAE
640 375 875 440 SUPERSUNT.
1023 365 1044 431 3

312 817 499 920 'cronno
516 852 739 922 vinnom.

80 1017 154 1083 Etsi
178 1041 295 1084 munus
321 1018 480 1105 flagitare,
513 1020 659 1104 quamvis
686 1019 757 1104 quis
784 1015 972 1095 ostenderit,
998 1037 1072 1083 ner

15 1115 155 1200 populus
179 1114 308 1198 quidem
331 1114 411 1180 solet
431 1114 494 1180 nisi
516 1116 705 1192 concitatus,
728 1127 835 1180 tamen
853 1133 913 1200 ego
932 1133 1045 1198 exspe-

16 1209 156 1275 ctatione
178 1209 326 1294 promissi
348 1209 395 1274 tui
417 1232 562 1288 moveor,
588 1221 626 1275 ut
643 1211 833 1276 admoneam
855 1219 901 1287 te,
927 1227 992 1273 non
1009 1217 1046 1271 ut

16 1305 169 1390 flagitem.
222 1303 295 1368 misi
321 1314 428 1370 autem
451 1305 493 1369 ad
519 1316 551 1371 te
573 1317 724 1390 quattuor
747 1305 959 1370 admonitores
980 1325 1045 1367 non

15 1400 113 1464 nimis
139 1399 350 1477 verecundos3
379 1400 464 1465 nosti
487 1402 573 1467 enim
599 1402 742 1488 profecto
761 1423 797 1466 os
816 1397 917 1488 [eius]
936 1399 1046 1466 adule-

17 1494 182 1561 scentioris
200 1495 410 1562 Academiae:
436 1519 477 1562 ex
495 1519 534 1562 ea
551 1497 649 1584 igitur
666 1497 773 1563 media
791 1496 944 1562 excitatos
962 1494 1046 1573 misi,

17 1591 76 1673 qui
92 1600 200 1656 metuo
223 1612 264 1656 ne
287 1600 318 1655 te
335 1590 418 1656 forte
436 1591 595 1678 flagitent3
618 1613 679 1679 ego
698 1604 805 1658 autem
823 1590 988 1667 mandavi,
1009 1599 1047 1654 ut

16 1696 178 1771 rogarent
223 1685 449 1771 exspectabam
466 1686 595 1751 omnino
612 1687 678 1752 iam
695 1687 751 1751 diu
772 1706 888 1770 meque
911 1684 1047 1750 sustine·

16 1781 109 1856 bam,
135 1801 177 1845 ne
195 1780 237 1844 ad
259 1788 290 1844 te
309 1779 399 1865 prius
420 1781 490 1866 ipse
511 1781 589 1865 quid
612 1781 785 1848 scriberem
807 1787 905 1865 quam
926 1777 1047 1863 aliquid

17 1875 230 1961 accepissem,
260 1885 298 1941 ut
322 1894 451 1960 possem
476 1887 508 1942 te
535 1878 732 1944 remunerari
759 1898 857 1961 quam
887 1874 1046 1940 simillimo

16 1991 161 2035 munere.
188 1970 245 2036 sed
262 1992 337 2036 cum
354 1980 390 2035 tu
407 1971 528 2036 tardius
546 1971 679 2048 faceres,
696 1972 731 2036 id
749 1982 807 2049 est,
825 1980 862 2035 ut
875 1991 937 2056 ego
950 1968 1048 2034 inter·

16 2077 141 2150 pretor,
164 2064 361 2150 diligentius,
386 2065 488 2131 teneri
505 2087 570 2130 non
586 2067 677 2151 potui
695 2065 773 2151 quin
791 2063 1047 2132 coniunctionem

17 2161 198 2225 studiorum
210 2160 390 2245 amorisque
403 2161 504 2227 nostri
518 2183 582 2246 quo
595 2184 723 2248 possem
735 2163 912 2228 litterarum
929 2181 1047 2246 genere

18 2256 226 2321 declararem.
269 2255 333 2320 feci
354 2255 452 2342 igitur
470 2278 650 2323 sermonem
670 2259 754 2324 inter
770 2279 828 2322 nos
850 2255 996 2322 habitum
1013 2253 1047 2319 in

19 2349 180 2428 Cumano,
199 2372 272 2415 oum
291 2362 375 2416 esset
391 2374 457 2416 una
469 2351 682 2440 Pomponius:
701 2353 760 2418 tibi
778 2353 852 2419 dedi
868 2351 968 2438 partis
977 2350 1048 2414 An-

18 2446 191 2523 tiochinas,
217 2468 297 2530 quas
319 2457 394 2512 ate
420 2448 549 2533 probari
575 2449 770 2515 intellexisse
796 2447 875 2512 mihi
900 2447 1047 2524 videbar;

18 2541 99 2604 mihi
116 2540 238 2626 sumpsi
253 2541 409 2606 Philonis.
452 2554 530 2628 puto
548 2543 616 2609 fore
633 2554 680 2621 ut,
699 2565 773 2609 cum
790 2542 916 2628 legeris,
932 2541 1048 2606 mirere

18 2656 79 2700 nos
96 2633 132 2698 id
153 2635 276 2700 locutos
295 2658 364 2701 esse
381 2637 554 2714 internos,
577 2638 674 2722 quod‘
686 2659 862 2722 numquam
879 2636 977 2700 locuti
994 2659 1048 2700 su-

18 2753 108 2807 mus3
126 2730 184 2796 sed
200 2731 284 2796 nosti
300 2753 422 2797 morem
439 2732 648 2819 dialogorum.
679 2732 849 2820 posthaec
867 2741 984 2808 autem,
1003 2729 1048 2794 mi
1065 2745 1078 2785 2

18 2827 136 2902 Varro,
154 2827 415 2913 quamplurima,
434 2828 646 2906 sividebitur,
665 2829 752 2895 etde
769 2828 862 2893 nobis
879 2828 962 2892 inter
973 2847 1049 2920 nos3

20 2943 92 2986 sero
110 2921 262 2999 fortasse,
286 2923 343 2988 sed
360 2923 560 3009 superiorum
582 2936 763 3010 temporum
780 2924 909 2989 fortuna
925 2921 973 2988 rei
989 2943 1049 3008 pu·

20 3017 124 3082 blicae
153 3037 283 3081 causam
309 3017 478 3096 sustineat,
501 3018 581 3084 haec
607 3018 669 3104 ipsi
694 3029 857 3104 praestare
884 3016 1048 3082 debemus.

20 3122 119 3194 atque
145 3109 268 3175 utinam
294 3111 408 3196 quietis
439 3113 636 3199 temporibus
669 3124 765 3196 atque
796 3113 903 3196 aliquo
930 3111 1049 3176 sinon

20 3207 118 3284 bono,
137 3216 170 3270 at
186 3205 298 3272 saltem
315 3217 401 3273 certo
419 3219 504 3274 statu
522 3209 657 3274 civitatis
675 3208 755 3274 haec
771 3209 854 3273 inter
870 3229 929 3272 nos
944 3205 1049 3271 studia

21 3324 172 3367 exercere
197 3301 379 3387 possemus!
412 3325 608 3388 quamquam
634 3313 703 3368 tum
730 3303 861 3388 quidem
889 3301 942 3366 vel
967 3301 1049 3365 aliae

20 3396 193 3482 quaepiam
218 3397 356 3464 rationes
382 3398 532 3465 honestas
560 3398 653 3464 nobis
675 3408 709 3464 et
734 3419 826 3464 curas
848 3407 882 3462 et
908 3394 1048 3461 actiones

21 3493 151 3557 darent:
169 3514 256 3556 nuno
273 3503 380 3558 autem
395 3493 536 3577 quidest
554 3494 622 3558 sine
638 3492 689 3557 his
703 3514 759 3557 cur
772 3492 880 3556 vivere
893 3488 1049 3554 velimus?

20 3587 102 3650 mihi
129 3607 205 3651 vero
223 3609 295 3652 oum
313 3587 363 3652 his
381 3588 458 3674 ipsis
476 3589 546 3667 vix,
569 3587 619 3652 his
637 3597 745 3652 autem
763 3584 912 3651 detractis
935 3604 976 3647 ne
994 3583 1048 3646 vix

21 3682 164 3766 quidem.
207 3684 265 3748 sed
293 3683 373 3748 haec
399 3705 508 3749 coram
526 3685 563 3749 ¹et
589 3682 726 3768 saepius.
770 3679 993 3766 migrationem
1017 3689 1049 3743 et

21 3777 216 3862 emptionem
237 3777 372 3844 feliciter
393 3779 521 3844 evenire
545 3779 618 3844 volo
636 3789 791 3860 tuumque
812 3775 848 3840 in
865 3797 904 3840 ea
920 3797 955 3840 re
973 3795 1050 3839 con-

22 3875 130 3938 silium
146 3873 259 3958 probo.
303 3895 380 3939 cura
396 3885 433 3938 ut
450 3875 568 3940 valeas.

430 4155 642 4164 ———--————-——-.
