2688 4730
171 357 480 416 ACADElssGORUM
496 355 770 416 Posuuluouuu
786 357 809 413 Ι.
828 359 938 414 19-24.
1025 343 1065 410 ll

40 483 185 562 humani,
204 505 340 568 eumque
356 505 424 549 esse
440 483 644 548 coniunctum
657 505 730 551 cum
744 482 891 548 omnibus
905 481 1067 548 communi

41 577 183 662 quadam
201 578 360 644 societate.
404 599 442 644 ao
460 577 499 644 de
518 600 642 643 summo
660 579 790 662 quidem
808 587 904 661 atque
930 576 1067 642 naturali

41 673 129 738 bono
147 673 193 737 sio
211 683 327 760 agunt3
347 683 452 738 cetera
469 681 574 738 autem
592 672 751 759 pertinere
770 673 812 739 ad
828 671 863 737 id
880 682 994 758 putant
1011 681 1067 738 aut

43 769 269 854 adaugendum
291 779 347 834 aut
364 767 550 844 tenendum,
570 779 606 832 ut
628 767 769 846 divitias,
787 777 824 832 ut
842 789 928 853 opes,
945 778 981 832 ut
998 768 1068 854 glo-

42 863 134 940 riam,
152 871 189 928 ut
201 863 347 950 gratiam.
383 863 429 927 ita
446 861 603 948 tripartita
620 862 661 927 ab
679 862 717 927 iis
734 861 896 928 inducitur
912 861 992 927 ratio
1010 861 1068 926 bo-

42 978 167 1022 norum.
212 968 307 1040 atque
329 957 408 1022 haec
428 956 484 1021 illa
510 968 584 1021 sunt
605 956 666 1021 tria
690 979 822 1044 genera,
849 978 932 1041 quae
954 947 1109 1060 putant?²

42 1051 186 1136 plerique
208 1050 437 1138 Peripateticos
461 1051 579 1117 dicere:
605 1052 639 1117 id
661 1052 790 1136 quidem
811 1074 875 1117 non
897 1051 994 1130 fals03
1020 1063 1069 1118 est

43 1147 129 1212 enim
143 1146 221 1213 haec
238 1147 367 1232 partitio
380 1147 520 1212 illorum:
539 1146 618 1212 illud
631 1147 846 1234 inprudenter,
865 1147 893 1212 si
907 1148 985 1213 alios
998 1170 1068 1214 esse

43 1240 271 1318 Academicos,
298 1240 353 1326 qui
375 1251 444 1305 tum
462 1241 716 1326 appellabantur,
743 1242 821 1308 alios
838 1241 1067 1327 Peripateticos

43 1336 247 1402 arbitrantur.
291 1336 467 1402 communis
489 1333 569 1401 haec
585 1336 666 1401 ratio
684 1353 717 1402 et
737 1337 880 1422 utrisque
897 1335 949 1403 hic
967 1336 1068 1402 bono-

43 1455 116 1496 rum
132 1431 203 1496 finis
226 1430 408 1508 videbatur,
431 1430 577 1517 adipisci,
602 1452 684 1515 quae
707 1442 812 1497 essent
828 1432 931 1518 prima
954 1441 1069 1498 natura

43 1548 190 1610 quaeque
206 1527 277 1612 ipsa
293 1549 351 1614 per
363 1549 433 1592 sese
448 1527 634 1612 expetenda,
653 1539 709 1592 aut
722 1527 828 1594 omnia
842 1539 897 1594 aut
913 1528 1067 1607 maxima;

43 1646 83 1687 ea
100 1632 174 1688 sunt
190 1632 296 1687 autem
312 1623 462 1700 maxima,
480 1644 562 1706 quae
578 1621 613 1688 in
629 1622 699 1708 ipso
714 1622 820 1688 animo
835 1633 930 1708 atque
947 1624 981 1687 in
997 1625 1068 1710 ipsa

43 1717 161 1782 virtute
178 1725 353 1782 versantur.
397 1715 506 1802 itaque
524 1715 625 1780 omnis
647 1716 703 1782 illa
720 1717 850 1801 antiqua
867 1717 1067 1804 philosophia

43 1812 142 1878 sensit
166 1811 201 1876 in
226 1835 292 1876 una
317 1812 434 1877 virtute
460 1834 530 1877 esse
556 1811 693 1898 positam
719 1812 847 1877 beatam
868 1813 981 1890 vitam,
1007 1835 1068 1878 neo

43 1921 151 1972 tamen
176 1905 408 1984 beatissimam,
438 1905 501 1971 nisi
533 1905 781 1992 adiungerentur
806 1915 838 1971 et
870 1907 1009 1992 corporis
1036 1917 1068 1972 et

43 2011 162 2080 cetera,
189 2022 271 2086 quae
294 2023 390 2087 supra
411 2000 603 2077 dictasunt,
630 2001 671 2066 ad
689 2000 814 2066 virtutis
831 2021 926 2066 usum
942 2001 1066 2066 idonea.

43 2121 85 2162 ex
110 2097 171 2162 hac
197 2096 406 2182 descriptione
437 2096 554 2183 agendi
580 2116 707 2181 quoque
737 2095 856 2179 aliquid
884 2095 918 2159 in
942 2095 1010 2160 vita
1036 2106 1068 2161 et
1081 2113 1106 2153 2³

43 2188 142 2257 officii
158 2191 259 2276 ipsius
275 2190 401 2256 initium
417 2190 643 2277 reperiebatur,
661 2190 748 2275 quod
765 2203 833 2256 erat
850 2191 884 2256 in
900 2212 1068 2256 conserva-

42 2287 129 2352 tione
156 2309 265 2351 earum
292 2309 412 2365 rerum,
448 2307 528 2370 quae
558 2295 673 2351 natura
704 2286 942 2372 praescriberet.
994 2286 1069 2351 hino

42 2381 237 2467 gignebatur
258 2379 337 2466 fuga
355 2379 495 2446 desidiae
516 2380 781 2466 voluptatumque
799 2381 1006 2467 contemptio,
1029 2404 1069 2447 ex

42 2497 109 2560 quo
126 2475 273 2540 laborum
286 2475 494 2560 dolorumque
508 2475 667 2561 susceptio
680 2477 852 2540 multorum
865 2498 1069 2563 magnorum-

42 2571 204 2654 querceti
225 2570 414 2655 honestique
433 2592 530 2636 causa
547 2581 579 2637 et
601 2593 711 2636 earum
732 2593 854 2650 rerum,
879 2594 961 2656 quae
980 2583 1069 2638 erant

43 2675 255 2751 congruentes
274 2687 348 2731 cum
364 2666 612 2752 praescriptione
625 2677 768 2745 naturae,
786 2667 871 2732 unde
885 2675 917 2731 et
930 2665 1069 2732 amicitia

43 2759 218 2825 exsistebat
235 2770 267 2824 et
283 2759 404 2824 iustitia
421 2769 517 2845 atque
535 2761 694 2846 aequitas3
713 2783 833 2845 eaeque
851 2770 882 2826 et
899 2759 1070 2846 voluptati-

43 2855 106 2919 bus
124 2865 156 2920 et
173 2854 280 2918 multis
298 2854 382 2920 vitae
401 2855 574 2923 commodis
592 2856 875 2942 anteponebantur.
902 2855 982 2920 haec
1000 2854 1070 2940 qui·

45 2951 121 3014 dem
137 2948 200 3014 fuit
217 2949 304 3035 apud
322 2970 376 3016 eos
393 2971 519 3014 morum
535 2950 691 3017 institutio
705 2962 737 3016 et
755 2951 822 3016 eius
839 2950 954 3037 partis,
973 2971 1070 3035 quarn

44 3045 182 3130 primam
197 3043 300 3130 posui,
318 3043 421 3109 forma
439 3054 534 3128 atque
552 3043 732 3131 descriptio.

107 3137 163 3204 De
179 3151 295 3205 natura
312 3149 419 3205 autem
434 3175 479 3188 --
494 3139 529 3204 id
546 3141 631 3206 enim
654 3141 847 3226 sequebatur
862 3177 907 3188 —
923 3140 968 3204 ita
985 3140 1070 3206 dice·
1083 3155 1109 3193 24

43 3235 138 3312 bant,
156 3245 193 3299 ut
210 3257 282 3301 eam
299 3233 478 3300 dividerent
494 3234 528 3301 in
544 3258 595 3301 res
614 3236 709 3314 duas,
725 3247 762 3301 ut
780 3235 880 3301 altera
898 3245 982 3301 esset
1000 3235 1071 3300 effi-

44 3330 149 3408 ciens,
172 3330 272 3396 altera
293 3338 401 3394 autern
418 3331 509 3415 quasi
527 3330 601 3395 huic
618 3353 654 3395 se
670 3331 841 3416 praebens,
864 3352 902 3396 ea
919 3351 984 3413 qua
1002 3329 1070 3394 effi-

44 3435 170 3490 ceretur
183 3425 311 3509 aliquid.
338 3425 373 3490 in
385 3445 435 3502 eo,
453 3426 539 3509 quod
553 3426 703 3505 efficeret,
721 3426 787 3491 vim
805 3449 874 3492 esse
888 3425 1069 3500 censebant,

43 3521 77 3586 in
101 3542 141 3586 eo
162 3531 279 3598 autem,
306 3520 394 3605 quod
419 3520 615 3599 efficeretur,
641 3523 808 3588 materiam
835 3521 1010 3606 quandam3
1036 3521 1070 3586 in

43 3627 181 3702 utroque
203 3626 311 3682 tamen
333 3626 519 3699 utrumque:
545 3638 650 3702 neque
673 3617 758 3682 enim
779 3615 946 3681 materiam
966 3616 1070 3700 ipsam

44 3711 215 3778 cohaerere
236 3711 391 3797 potuisse,
418 3710 446 3776 si
467 3711 555 3776 nulla
571 3713 604 3776 vi
628 3712 856 3789 contineretur,
883 3732 988 3796 neque
1004 3710 1071 3774 vim

43 3829 106 3872 esse
125 3807 192 3872 sine
211 3807 318 3891 aliqua
333 3805 466 3873 materia
471 3830 481 3884 ς
503 3807 581 3872 nihil
599 3818 646 3872 est
664 3807 750 3873 enim
767 3807 854 3890 quod
870 3828 936 3871 non
952 3804 1070 3870 alicubi

44 3925 115 3968 esse
137 3913 280 3989 cogatur.
325 3901 382 3967 sed
404 3902 490 3986 quod
512 3924 552 3967 ex
574 3912 725 3986 utroque,
752 3901 787 3966 id
813 3901 878 3966 iam
900 3923 1015 3987 corpus
1039 3910 1070 3964 et

43 3997 138 4081 quasi
168 3998 355 4083 qualitatem
386 3997 548 4082 quandam
577 3997 800 4074 nominabant3
835 3995 950 4061 dabitis
985 3994 1070 4060 enim

43 4092 200 4178 profecto,
216 4102 254 4158 ut
269 4092 304 4159 in
320 4091 418 4158 rebus
433 4091 603 4171 inusitatis,
620 4093 707 4178 quod
725 4089 843 4159 Graeci
859 4089 922 4176 ipsi
938 4089 1069 4167 faciunt,

44 4187 200 4273 aquibus
222 4187 384 4254 bacciam
406 4185 462 4252 diu
483 4197 672 4266 tractantur,
697 4198 824 4254 utamur
846 4184 951 4251 verbis
973 4184 1070 4250 inter-
