2688 4730
204 315 513 376 AGADEMIGORUM
529 315 706 378 PRIORUM
721 315 759 372 Π.
778 315 922 373 131-135.
1031 301 1071 368 ll

49 455 146 522 amat,
170 442 303 520 Stoicis,
323 463 429 507 nonne
451 441 570 508 indicat
587 463 652 508 non
669 463 738 508 esse
759 440 814 504 illa
835 441 1007 528 probanda¹
1022 464 1074 508 sa-

48 540 167 626 pienti?
192 540 297 626 placet
315 535 431 604 Stoicis
454 536 560 602 omnia
581 547 713 622 peccata
736 557 806 602 esse
827 535 930 620 paria:
958 547 991 601 at
1012 534 1074 600 hoc
1190 524 1193 538 '

49 634 211 702 Antiocho
227 634 508 708 ,vehementissime
533 633 687 719 displicet
730 632 824 708 liceat
845 632 974 697 tandem
996 631 1076 696 mihi

50 731 251 798 considerare
268 740 373 796 utram
390 729 580 796 sententiam
597 748 721 812 sequar.
767 727 949 813 ‘praecide’
972 726 1076 810 inquit

50 835 169 891 ‘statue
191 825 363 908 aliquando
380 823 556 908 quidlibet?
600 824 697 907 quid?
710 826 746 896 a·
768 844 850 906 quae
873 821 1021 888 dicuntur
1042 821 1075 886 in

52 931 218 1003 utramque
235 929 358 1005 partem
376 928 408 984 et
425 929 520 986 acuta
536 917 615 984 mihi
632 917 781 984 videntur
798 927 830 981 et
847 916 950 1002 paria,
969 937 1075 982 nonne

50 1037 182 1080 caveam
199 1035 240 1080 ne
258 1014 361 1079 scelus
378 1013 515 1078 faciam?
537 1013 640 1078 scelus
659 1013 744 1078 enim
761 1012 890 1078 dicebas
908 1033 988 1089 esse,
1006 1010 1076 1075 Lu-

50 1109 149 1186 culle,
177 1109 295 1194 dogma
311 1108 460 1194 prodere:
484 1108 629 1173 contineo
647 1107 746 1194 igitur
762 1129 828 1184 me,
855 1129 896 1172 ne
914 1105 1075 1194 incognito

50 1204 225 1280 adsentiar;
247 1203 334 1287 quod
355 1202 435 1268 mihi
452 1213 558 1269 tecum
575 1213 624 1268 est
641 1203 760 1289 dogma
778 1223 956 1268 commune.
1002 1223 1076 1268 ecce
1094 1225 1133 1268 ιιι

48 1299 151 1364 multo
173 1299 274 1364 maior
296 1298 392 1364 etiam
414 1297 582 1364 dissensio:
610 1297 699 1364 Zeno
723 1297 757 1362 in
774 1317 840 1363 una
856 1296 972 1364 virtute
989 1296 1077 1383 posi·

49 1409 117 1460 tam
135 1395 263 1460 beatam
282 1394 381 1460 vitam
400 1404 503 1478 putat.
548 1393 626 1477 quid
643 1392 844 1458 Antiochus?
872 1391 998 1459 ‘etiam’
1028 1391 1078 1456 in-

50 1491 120 1575 quit
138 1490 290 1566 ‘beatam
309 1488 366 1564 sed
382 1508 448 1554 non
464 1487 701 1556 beatissimam?
749 1488 828 1553 deus
845 1486 908 1565 ille,
927 1486 982 1570 qui
998 1485 1078 1550 nihil

2 1599 3 1604 ’
50 1585 176 1652 censuit
201 1585 312 1650 deesse
337 1582 459 1659 virtuti,
486 1583 656 1648 homuncio
682 1583 752 1661 hic,
778 1581 834 1667 qui
859 1582 960 1648 multa
986 1591 1078 1668 putat

49 1689 177 1766 praeter
198 1678 348 1746 virtutem
370 1676 491 1743 homini
514 1673 629 1764 partim
647 1700 722 1744 cara
739 1699 824 1754 esse,
846 1676 963 1762 partim
982 1675 1078 1741 etiam

50 1774 239 1841 necessaria.
283 1771 340 1838 sed
356 1771 410 1836 ille
427 1793 539 1838 vereor
555 1795 596 1838 ne
614 1771 723 1838 virtuti
743 1772 816 1860 plus
838 1770 957 1836 tribuat
981 1791 1078 1854 quam

51 1882 166 1934 natura
191 1867 343 1954 patiatur,
374 1866 565 1951 praesertim
583 1865 806 1952 Theophrasto
832 1865 934 1931 multa
959 1865 1076 1930 diserte

53 1964 244 2074 copioseque
260 1974 366 2030 contro
383 1961 523 2040 dicente3
547 1961 648 2026 ethic
665 1973 730 2028 met
731 1984 773 2027 uo
793 1984 835 2027 ne
852 1961 908 2026 vix
925 1951 986 2026 sibi
1003 1978 1079 2027 οοιι-

54 2071 125 2137 stet,
142 2060 207 2143 qui,
226 2081 299 2126 eum
317 2057 402 2122 dicat
419 2079 488 2123 esse
502 2057 660 2140 quaedam
674 2068 706 2123 et
725 2056 864 2167 corporis
883 2067 915 2121 et
930 2055 1077 2121 fortunae

53 2155 193 2232 mala,t
194 2177 287 2218 amen
305 2174 393 2230 eum,
419 2151 475 2234 qui
492 2152 527 2216 in
549 2151 598 2216 his
617 2152 764 2218 omnibus
782 2152 836 2230 sit,
862 2150 993 2217 beatum
1009 2150 1078 2215 fore

54 2259 195 2326 censeat,
218 2249 245 2314 si
267 2248 393 2334 sapiens
412 2247 461 2312 sit.
506 2247 678 2312 distrahor:
700 2258 768 2315 tum
791 2246 852 2332 hoc
868 2246 946 2316 mihi
963 2246 1079 2333 proba·

54 2343 164 2420 bilius,
186 2355 255 2409 tum
277 2343 358 2408 illud
379 2342 519 2421 videtur,
543 2354 575 2408 et
595 2353 716 2421 tamen,
738 2342 801 2408 nisi
822 2342 1009 2408 alterutrum
1025 2342 1075 2418 sit,

54 2438 205 2503 virtutem
229 2437 333 2503 iacere
358 2436 453 2523 plane
479 2447 566 2522 puto.
620 2457 732 2504 verum
754 2437 788 2501 in
811 2435 861 2502 his
883 2437 1078 2522 discrepant·

54 2532 151 2617 quid?
171 2532 262 2609 illa,'
252 2557 287 2597 ιιι
304 2531 422 2616 quibus
440 2531 655 2611 consentiunt,
671 2555 749 2597 num
765 2552 825 2618 pro
842 2531 926 2598 veris
943 2531 1078 2618 probare
1095 2531 1131 2587 44

54 2627 243 2736 possumus?
273 2626 422 2711 sapientis
450 2626 591 2694 animum
616 2649 793 2712 numquam
819 2648 878 2697 neo
905 2603 1135 2711 eupiditate1³5

54 2721 176 2787 moveri
201 2743 261 2796 nec
285 2720 405 2786 laetitia
427 2721 549 2787 ecferri.
593 2745 668 2831 age,
695 2722 775 2788 haec
800 2721 977 2807 probabilia
1004 2743 1080 2785 sane

55 2817 133 2882 sint:
150 2838 229 2880 num
242 2815 338 2880 etiam
354 2815 419 2893 illa,
437 2837 612 2899 numquam
626 2817 747 2894 timere,
765 2837 940 2899 numquam
954 2813 1081 2880 dolere?

56 2911 224 2998 sapiensne
240 2933 307 2977 non
323 2911 435 2976 timeat
454 2934 495 2978 ne
518 2911 622 2996 patria
640 2911 806 2976 deleatur?
827 2932 892 2977 nou
910 2910 1029 2988 doleat,
1054 2908 1082 2974 si
1166 2928 1171 2943 ι

56 3006 162 3072 deleta
178 3005 238 3071 sit?
264 3006 395 3085 dmum,
417 3007 475 3072 sed
493 3005 616 3072 Zenoni
633 3005 864 3083 necessarium,
887 3004 939 3071 eui
955 3012 1081 3090 praeter

56 3100 225 3166 honestum
241 3100 320 3166 nihil
335 3110 386 3166 est
401 3101 435 3166 in
452 3101 554 3179 bonis,
572 3101 632 3175 tibi
648 3123 734 3179 vero,
751 3099 922 3177 Antioche,
939 3098 1079 3177 minime,

57 3194 109 3259 cui
125 3205 252 3280 praeter
268 3195 467 3262 honestatem
483 3198 585 3263 multa
598 3197 693 3275 bona,
710 3207 836 3282 praeter
853 3194 1081 3281 turpitudinem

57 3291 159 3354 multa
179 3291 264 3356 mala
286 3291 449 3370 videntur,
475 3313 559 3376 quae
581 3302 613 3359 et
634 3292 794 3358 venientia
811 3299 933 3356 metuat
954 3290 1080 3375 sapiens

57 3407 188 3451 neeesse
210 3397 258 3451 est
279 3398 312 3452 et
332 3386 456 3456 venisse
474 3387 589 3454 doleat.
634 3388 691 3455 sed
714 3407 847 3496 quaero,
871 3385 999 3470 quando
1020 3385 1082 3450 ista

57 3479 177 3558 fuerint
194 3481 232 3543 ab
242 3479 489 3547 Academiat
436 3492 489 3548 vet
490 3505 543 3548 ere
561 3482 698 3560 decreta,
716 3493 753 3547 ut
771 3481 912 3548 animum
930 3478 1081 3565 sapientis

59 3574 251 3640 eommoveri
269 3586 301 3642 et
313 3576 495 3642 conturbem
508 3588 662 3664 negarent
649 3578 682 3643 t?
698 3575 931 3647 mediocritates
948 3573 994 3639 illi
1008 3593 1082 3660 pro·

58 3663 180 3733 babent
167 3679 238 3734 tet
259 3669 294 3735 in
316 3673 403 3738 omni
423 3673 621 3758 permotione
641 3672 820 3738 naturalem
841 3669 990 3737 volebant
1011 3691 1081 3736 esse

59 3763 222 3846 quendam
251 3766 392 3832 modum.
448 3767 584 3854 legimus
615 3788 726 3833 omnes
752 3763 931 3842 Crantoris,
966 3764 1080 3830 veteris

58 3858 262 3937 Academici,
289 3861 329 3926 de
342 3861 448 3939 ¹luctu3
475 3872 524 3928 est
540 3863 625 3928 enim
641 3884 707 3928 non
723 3882 874 3946 magnus,
896 3881 1008 3924 verum
1025 3881 1082 3924 au-

58 3953 166 4018 reolus
188 3964 234 4031 et,
262 3965 300 4020 ut
315 3953 478 4022 Tuberoni
494 3956 668 4024 Panaetius
690 3954 859 4041 praecipit,
885 3951 1082 4019 adverbum

59 4047 248 4114 ediscendus
270 4049 406 4116 libellus.
453 4062 549 4135 atque
575 4052 621 4116 illi
647 4049 777 4135 quidem
801 4048 896 4114 etiam
922 4046 1042 4112 utiliter
1062 4071 1083 4112 a

58 4152 176 4210 namra
196 4143 344 4211 dicebant
365 4147 578 4230 permotiones
599 4146 676 4212 istas
699 4143 812 4212 animis
838 4141 954 4208 nostris
979 4141 1081 4219 datas,
