2688 4730
231 251 274 317 28
534 263 573 320 Μ.
592 263 729 320 TULLII
746 261 946 320 CICERONIS

230 389 291 454 hoc
307 388 403 464 licere
422 386 481 452 soli
497 397 602 474 putet:
626 387 683 453 sed
704 397 811 454 tamen
829 387 1003 453 orationem
1020 388 1141 453 nullam
1162 400 1260 475 puta

230 484 309 549 bant
330 482 542 548 inlustriorem
564 482 634 568 ipsa
656 480 815 547 evidentia
836 481 966 568 reperiri
987 504 1096 569 posse,
1123 505 1184 548 nec
1206 507 1258 561 ea,

229 601 313 664 quae
331 579 499 644 tam'olara
517 585 636 655 essent,
655 576 835 642 definienda
852 578 1033 644 censebant.
1078 578 1132 643 alii
1149 589 1260 644 autem

229 674 391 762 negabant
414 696 448 739 se
474 694 532 759 pro
554 672 615 738 hac
637 673 797 738 evidentia
819 673 991 758 quicquam
1012 673 1134 760 priores
1156 673 1259 740 fuisse

230 771 380 848 dicturos,
399 771 456 836 sed
474 769 516 834 ad
534 792 581 846 ea,
600 791 683 854 quae
700 769 1012 848 contradicerentur,
1031 769 1094 836 dici
1111 782 1259 857 oportere

191 865 400 952 reputabant,
425 888 467 931 ne
490 864 546 949 qui
567 865 761 930 fallerentur.
804 864 948 950 plerique
970 876 1077 931 tamen
1094 876 1128 930 et
1146 865 1261 930 defini-

231 959 332 1026 tiones
353 961 495 1046 ipsarum
517 961 614 1026 etiam
636 960 831 1026 evidentium
856 981 963 1025 rerum
985 983 1050 1027 non
1075 961 1259 1048 inprobant,

231 1065 263 1120 et
279 1077 347 1120 rem
363 1055 527 1132 idoneam,
554 1054 594 1120 de
612 1075 676 1138 qua
698 1065 883 1138 quaeratur,
911 1066 944 1120 et
965 1055 1108 1122 homines
1132 1056 1260 1142 dignos,

230 1149 422 1234 quibuscum
446 1149 633 1226 disseratur,
654 1160 777 1236 putant
820 1149 916 1216 Philo
934 1161 1055 1228 autem,
1079 1151 1156 1216 dum
1172 1173 1260 1216 nova

230 1245 388 1329 quaedam
406 1255 594 1323 commovet,
613 1245 700 1334 quod
717 1268 755 1310 ea
773 1245 927 1311 sustinere
945 1245 1000 1310 vix
1017 1256 1155 1332 poterat,
1173 1267 1259 1331 quae

230 1348 339 1404 contra
356 1339 625 1407 Academicorum
647 1340 855 1426 pertinaciam
879 1340 1079 1420 dicebantur,
1098 1353 1130 1408 et
1147 1352 1260 1427 aperte

229 1435 390 1513 mentitur,
408 1448 445 1501 ut
461 1446 510 1502 est
526 1436 736 1522 reprehensus
754 1459 774 1501 a
790 1447 881 1523 patre
890 1433 1018 1514 Catulo,
1036 1448 1078 1515 et,
1095 1447 1132 1502 ut
1149 1437 1261 1504 docuit

230 1530 425 1608 Antiochus,
451 1531 536 1596 inid
558 1531 664 1618 ipsum
687 1554 721 1597 se
743 1531 868 1610 induit,
888 1532 975 1615 quod
996 1531 1138 1599 timebat.
1183 1555 1260 1599 cum

230 1625 315 1690 enim
331 1625 376 1690 ita
392 1638 525 1712 negaret
542 1626 714 1712 quicquam
732 1650 815 1703 esse,
848 1626 934 1711 quod
952 1627 1166 1713 conprehendi
1182 1649 1261 1715 pos-

230 1719 372 1786 set-id
391 1721 475 1786 enim
488 1722 636 1787 volumus
654 1744 724 1788 esse
733 1720 942 1807 καταληπτόν
949 1757 1003 1800 -,
1022 1722 1049 1786 si
1065 1722 1146 1788 illud
1163 1734 1259 1802 esset,

230 1815 312 1880 sicut
334 1814 422 1881 Zeno
446 1815 603 1894 definiret,
630 1817 693 1882 tale
720 1817 824 1882 visum
845 1852 889 1864 -
910 1815 976 1881 iam
1001 1817 1086 1882 enim
1111 1816 1173 1883 hoo
1197 1841 1260 1904 pro

231 1914 397 1998 φαντασίᾳ
422 1911 557 1977 verbum
583 1910 659 1976 satis
686 1910 835 1978 hesterno
861 1932 1007 1977 sermone
1032 1911 1176 1977 trivimus
1202 1949 1260 1992 -,

229 2003 333 2071 visum
358 2004 456 2092 igitur
480 2005 660 2092 inpressum
683 2005 888 2090 effictumque
911 2028 951 2071 ex
974 2028 1027 2083 eo,
1053 2006 1139 2074 unde
1162 2018 1257 2085 esset,

229 2100 324 2185 quale
342 2123 412 2166 esse
432 2122 498 2166 non
520 2111 629 2186 posset
646 2123 687 2166 ex
705 2121 759 2178 eo,
781 2101 867 2166 unde
888 2122 954 2166 non
972 2110 1069 2167 esset:
1086 2137 1131 2150 -
1146 2100 1180 2167 id
1195 2123 1259 2166 nos

229 2219 249 2260 a
267 2195 396 2261 Zenone
415 2195 581 2261 definitum
597 2195 772 2262 rectissime
791 2195 942 2274 dicimus3
966 2196 1021 2285 qui
1044 2195 1127 2262 enim
1150 2207 1259 2282 potest

229 2286 400 2374 quicquam
426 2291 654 2377 conprehendi,
677 2301 714 2356 ut
735 2291 830 2377 plane
853 2289 993 2356 confidas
1015 2301 1202 2377 perceptum
1224 2292 1260 2357 id

229 2384 456 2470 cognitumque
474 2409 558 2464 esse,
585 2386 673 2470 quod
689 2397 737 2452 est
758 2386 838 2463 tale,
865 2386 960 2469 quale
978 2387 1030 2451 vel
1052 2385 1170 2451 falsum
1187 2409 1259 2452 esse

180 2555 182 2564 y
228 2478 399 2565 possit?—
412 2480 473 2546 hoc
486 2502 559 2545 cum
573 2481 712 2546 infirmat
725 2479 869 2564 tollitque
884 2479 990 2558 Philo,
1008 2479 1161 2547 iudicium
1176 2481 1261 2546 tollit

228 2573 381 2660 incogniti
399 2585 430 2640 et
448 2575 581 2661 cogniti3
605 2597 645 2640 ex
668 2595 731 2658 quo
750 2575 886 2640 efficitur
907 2574 985 2640 nihil
1008 2596 1102 2660 posse
1125 2597 1260 2661 conpre-

228 2668 338 2734 hendi:
356 2669 401 2734 ita
414 2669 587 2755 inprudens
601 2692 655 2748 eo,
673 2691 736 2754 quo
751 2670 880 2736 minime
894 2671 970 2747 volt,
984 2670 1166 2735 revolvitur.
1193 2690 1260 2755 qua

228 2785 263 2830 re
277 2764 378 2830 omnis
397 2764 496 2830 oratio
515 2776 625 2831 contra
641 2764 852 2831 Academiam
870 2765 1042 2850 suscipitur
1058 2787 1078 2829 a
1094 2765 1202 2843 nobis,
1221 2774 1259 2830 ut

227 2858 420 2924 retineamus
434 2880 506 2925 eam
519 2859 745 2937 definitionem,
764 2881 860 2942 quam
868 2858 964 2923 Philo
981 2859 1082 2923 voluit
1099 2868 1258 2938 evertere3

228 2973 325 3036 quam
341 2952 403 3018 nisi
421 2953 611 3034 obtinemus,
630 2955 752 3041 percipi
768 2954 849 3019 nihil
866 2975 959 3041 posse
978 2953 1190 3020 concedimus.

194 3037 210 3091 ⁷
292 3044 467 3113 Ordiamur
483 3048 581 3136 igitur
598 3073 618 3115 a
636 3050 797 3128 sensibus,
822 3070 957 3133 quorum
974 3049 1019 3113 ita
1037 3049 1122 3114 clara
1138 3049 1259 3114 iudicia

190 3108 261 3208 1⁹et
277 3153 364 3208 certa
382 3155 469 3221 sunt,
486 3156 538 3224 ut,
556 3145 584 3211 si
600 3146 687 3232 optio
705 3156 837 3211 naturae
854 3155 981 3211 nostrae
999 3145 1092 3211 detur
1109 3156 1140 3210 et
1159 3145 1199 3210 ab
1219 3169 1259 3212 ea

228 3241 307 3307 deus
329 3241 427 3327 aliqui
448 3243 603 3327 requirat,
630 3253 819 3309 contentane
845 3241 887 3306 sit
909 3241 974 3306 suis
997 3241 1129 3328 integris
1152 3242 1259 3307 incor-

227 3335 392 3422 ruptisque
405 3337 560 3414 sensibus,
574 3362 616 3402 an
627 3337 766 3424 postulet
779 3335 893 3402 melius
907 3335 1036 3420 aliquid,
1050 3359 1115 3401 non
1130 3335 1259 3403 videam

227 3429 305 3514 quid
322 3443 454 3516 quaerat
471 3433 617 3519 amplius.
660 3453 720 3498 nec
738 3453 814 3497 vero
832 3431 894 3496 hoo
916 3431 987 3496 loco
1005 3430 1257 3518 exspectandum

228 3536 286 3603 est,
304 3526 382 3592 dum
399 3528 439 3594 de
456 3549 544 3593 remo
566 3527 683 3593 inflexo
702 3537 758 3593 aut
775 3527 816 3592 de
834 3527 916 3592 collo
935 3525 1101 3593 columbae
1124 3548 1257 3612 respon-

228 3621 336 3699 deam3
353 3645 418 3688 non
436 3623 520 3688 enim
537 3621 565 3688 is
583 3644 665 3700 sum,
683 3621 739 3706 qui
756 3621 908 3706 quioquid
925 3622 1052 3688 videtur
1068 3622 1136 3687 tale
1150 3621 1257 3686 dicam

227 3739 298 3782 esse
316 3718 410 3801 quale
426 3717 588 3785 videatur:
610 3717 771 3804 Epicurus
794 3718 856 3783 hoo
877 3716 992 3783 viderit
1009 3727 1042 3783 et
1059 3717 1122 3782 alia
1133 3716 1255 3782 multa.

227 3832 299 3878 meo
317 3823 424 3878 autem
441 3813 558 3878 iudicio
575 3813 620 3878 ita
638 3822 687 3878 est
702 3811 844 3877 maxima
860 3812 895 3877 in
913 3811 1059 3878 sensibus
1077 3811 1209 3888 veritas,
1226 3810 1256 3875 si

228 3917 262 3972 et
282 3907 352 3972 sani
368 3919 443 3973 sunt
464 3931 503 3974 ac
520 3909 662 3974 valentes
689 3919 722 3974 et
738 3907 846 3973 omnia
862 3917 1078 3984 removentur,
1096 3927 1179 3992 quae
1196 3903 1255 3971 ob-

228 4011 314 4067 stant
330 4013 363 4068 et
384 4001 560 4088 inpediunt.
603 4001 712 4087 itaque
729 4013 763 4067 et
782 4003 891 4068 lumen
908 4001 1025 4067 mutari
1048 4023 1144 4088 saepe
1161 4000 1255 4066 volu-

227 4117 301 4165 mus
317 4106 349 4161 et
366 4097 444 4162 situs
463 4118 572 4163 earum
589 4119 711 4176 rerum,
737 4117 818 4182 quas
834 4097 1011 4174 intuemur,
1038 4106 1071 4162 et
1086 4094 1253 4161 intervalla
