2688 4730
200 353 511 414 AOADEMIOORUM
526 354 703 414 PRIORUM
718 355 756 412 II.
775 355 895 412 62-662
1008 341 1054 408 45

30 481 98 546 diar
123 480 236 568 igitur,
262 481 290 546 si
314 502 419 568 pauca
445 491 518 547 ante
544 481 637 566 quasi
662 482 702 547 de
724 480 811 546 fama
833 502 906 546 mea
933 479 1052 546 dixero.

31 597 89 662 ego
109 574 239 641 enimsi
260 586 316 640 aut
333 575 543 642 ostentatione
567 576 673 659 aliqua
695 575 852 640 adductus
870 584 926 641 aut
949 573 1053 640 studio
1075 594 1101 639 co

31 660 173 736 certandi
190 669 233 734 ad
249 668 331 736 hanc
348 669 548 757 potissimum
566 670 799 758 philosophiam
816 691 868 736 me
886 668 1060 756 adplicari,

31 786 94 830 non
112 763 207 832 modo
225 763 391 830 stultitiam
407 787 526 844 meam,
549 766 606 831 sed
623 765 719 832 etiam
737 787 841 830 mores
859 775 891 830 et
908 774 1055 829 naturam

32 859 304 926 condemnandam
320 871 408 946 puto.
431 859 547 926 namsi
563 860 597 925 in
613 860 751 926 minimis
768 861 864 927 rebus
881 858 1056 946 pertinacia

32 953 287 1041 reprehenditur,
314 954 474 1022 calumnia
499 955 595 1021 etiam
617 961 795 1034 coercetur,
822 977 884 1042 ego
906 955 947 1020 de
970 952 1057 1020 omni

32 1060 118 1116 statu
139 1049 333 1135 consilioque
357 1050 452 1116 totius
474 1050 559 1118 vitae
585 1060 641 1117 aut
662 1061 782 1118 certare
805 1073 878 1116 cum
901 1050 970 1116 aliis
995 1071 1056 1136 pu-

31 1144 176 1233 gnaciter
202 1156 257 1212 aut
282 1145 427 1212 frustrari
454 1167 528 1213 cum
552 1147 631 1212 ahos
656 1157 726 1214 tum
752 1147 848 1214 etiam
875 1145 1057 1231 meipsum

33 1240 149 1306 velim?
174 1239 296 1326 itaque,
314 1239 377 1306 nisi
391 1240 536 1328 ineptum
553 1252 700 1327 putarem
716 1242 750 1307 in
771 1241 827 1306 tali
845 1239 1057 1328 disputatione

34 1335 66 1399 id
83 1334 200 1411 facere,
218 1334 318 1419 quod,
341 1355 415 1400 cum
433 1335 525 1401 dere
548 1336 677 1422 publica
694 1335 902 1422 disceptetur,
924 1333 994 1400 fieri
1010 1334 1059 1398 in·

33 1429 159 1496 terdum
176 1428 270 1507 solet,
292 1429 431 1496 iurarem
453 1452 512 1517 per
528 1431 640 1497 lovem
658 1431 798 1516 deosque
815 1429 939 1518 penatis
956 1451 1009 1494 me
1027 1436 1059 1493 et

34 1523 145 1590 ardere
163 1523 268 1596 studio
285 1523 352 1589 veri
369 1524 546 1612 reperiendi
564 1536 597 1591 et
613 1547 652 1591 ea
665 1527 791 1604 sentire,
808 1547 891 1611 quae
910 1524 1057 1590 dicerem.

36 1618 90 1702 qui
108 1617 192 1684 enim
208 1638 340 1704 possum
357 1641 422 1686 non
440 1641 556 1707 cupere
573 1642 685 1685 verum
705 1620 863 1699 invenire,
888 1641 962 1685 cum
978 1640 1060 1705 gau·
1080 1638 1107 1680 cs

34 1713 146 1790 deam,
172 1712 198 1777 si
220 1713 322 1779 simile
344 1714 412 1780 veri
434 1715 512 1800 quid
532 1715 727 1782 invenerim?
758 1717 830 1795 sed,
856 1727 893 1782 ut
910 1716 972 1782 hoc
988 1714 1061 1801 pul-

34 1805 226 1874 cherrimum
243 1830 313 1875 ease
329 1808 446 1889 iudico,
463 1832 540 1877 vera
552 1811 677 1888 videre,
690 1811 735 1876 sic
752 1833 810 1898 pro
824 1811 907 1878 veris
924 1809 1060 1897 probare

34 1901 116 1966 falsa
138 1901 354 1988 turpissimum
372 1915 429 1970 est
472 1926 533 1972 neo
550 1914 658 1971 tamen
676 1928 737 1994 ego
754 1906 782 1972 is
800 1928 887 1983 sum,
909 1904 966 1989 qui
982 1903 1061 1969 nihil

35 2017 189 2080 umquam
210 1996 283 2063 falsi
303 1999 494 2086 adprobem,
517 2001 573 2087 qui
598 2023 775 2086 numquam
803 2000 979 2078 adsentiar,
1004 1995 1061 2082 qui

35 2091 113 2156 nihil
132 2090 255 2177 opiner:
279 2093 337 2158 sed
354 2095 536 2178 quaerimus
561 2096 601 2162 de
618 2097 771 2184 sapiente.
816 2115 876 2181 ego
894 2115 969 2161 vero
991 2093 1061 2179 ipse

36 2196 68 2251 et
88 2207 225 2272 magnus
250 2187 380 2273 quidem
406 2213 478 2256 sum
500 2190 647 2278 opinator
662 2227 707 2238 —-
723 2214 788 2257 non
811 2191 896 2262 enim
917 2210 989 2256 sum
1011 2211 1062 2253 sa-

35 2280 127 2366 piens
143 2291 236 2347 -et
259 2304 348 2348 meas
375 2284 581 2372 cogitationes
608 2285 654 2354 sic
681 2286 798 2374 dirige,
824 2307 889 2350 non
911 2284 954 2350 ad
974 2283 1062 2348 illam

35 2375 203 2460 parvulam
221 2372 437 2462 Cynosuram,
1051 2464 1053 2468 .

152 2491 217 2555 qua
233 2471 337 2539 fidunt
354 2473 434 2540 duce
452 2487 608 2542 nocturna
624 2474 804 2542 Phoenices
820 2474 855 2540 in
872 2475 946 2554 alto,

36 2576 73 2629 ut
103 2563 149 2632 ait
173 2565 311 2644 Aratus,
342 2589 444 2652 eoque
472 2569 621 2637 directius
647 2570 844 2658 gubernant,
877 2568 963 2654 quod
991 2591 1063 2635 eam

36 2670 162 2736 tenent,

153 2776 236 2840 quae
253 2777 349 2822 cursu
365 2757 513 2825 interiore
530 2759 620 2825 brevi
639 2759 833 2826 convertitur
850 2759 941 2838 orbe,

37 2849 97 2915 sed
113 2849 250 2917 Helicen
266 2860 299 2917 et
316 2852 506 2920 clarissimos
525 2852 781 2942 Septentriones,
803 2854 838 2919 id
855 2864 903 2920 est
923 2855 1062 2921 rationes

37 2943 97 3010 has
114 2943 225 3011 latiore
238 2947 353 3034 specie,
371 2970 436 3014 non
449 2949 491 3014 ad
509 2962 604 3016 tenue
622 2950 780 3016 elimatius
800 2970 837 3018 eo
855 2950 945 3016 litut
962 2972 1063 3016 errem

37 3052 70 3105 et
88 3063 187 3128 vager
203 3042 307 3109 latius.
343 3045 482 3111 sednon
499 3045 539 3110 de
557 3067 619 3126 me,
637 3055 674 3111 ut
691 3045 767 3122 dixi,
788 3045 844 3111 sed
862 3045 903 3112 de
920 3045 1063 3132 sapiente

38 3134 217 3220 quaeritur;
240 3137 309 3206 visa
326 3140 411 3204 enim
434 3140 496 3205 ista
513 3163 587 3206 cum
605 3141 720 3210 acriter
736 3151 877 3210 mentem
895 3162 1063 3206 sensumve

36 3230 243 3316 pepulerunt,
262 3233 383 3319 accipio
400 3235 503 3321 iisque
520 3235 680 3302 interdum
698 3234 794 3302 etiam
812 3235 986 3314 adsentior,
1004 3256 1063 3300 nec

37 3323 179 3410 percipio
195 3335 317 3406 tamen3
342 3328 421 3393 nihil
445 3329 530 3395 enim
554 3329 691 3396 arbitror
707 3331 801 3416 po'sse
823 3328 955 3415 percipi.
999 3349 1064 3394 non

39 3441 111 3484 snm
138 3420 278 3507 sapiens:
314 3422 421 3508 itaque
448 3423 524 3490 visis
561 3423 639 3491 cedo
665 3447 726 3492 nec
751 3445 883 3512 possum
908 3423 1063 3489 resistere.

39 3513 193 3598 sapientis
218 3526 326 3581 autem
350 3516 434 3584 hanc
460 3529 569 3586 censet
590 3519 753 3586 Arcesilas
780 3519 847 3585 vim
869 3540 937 3586 esse
963 3517 1066 3584 maxi·
1166 3559 1169 3566 ·

39 3631 139 3686 mam,
160 3608 282 3675 Zenoni
299 3611 495 3691 adsentiens,
514 3637 626 3681 cavere
643 3637 684 3680 ne
702 3615 847 3700 capiatur
878 3637 919 3680 ne
936 3611 1065 3678 fallatur

39 3702 148 3768 videre
153 3727 163 3781 3
185 3703 264 3768 nihil
281 3717 331 3771 est
348 3707 434 3772 enim
451 3708 493 3773 ab
512 3731 551 3774 ea
569 3709 775 3798 cogitatione,
794 3730 892 3794 quam
910 3706 1065 3773 habemns

40 3800 79 3866 dc
96 3799 256 3888 gravitate
273 3802 440 3890 sapientis,
459 3827 580 3884 errore,
597 3805 743 3883 levitate,
767 3805 944 3871 temeritate
962 3804 1066 3868 diiun-

40 3895 131 3962 ctius.
176 3896 255 3981 quid
279 3897 378 3986 igitur
400 3899 513 3986 loquar
535 3900 575 3966 dc
597 3900 746 3966 firmitate
768 3900 940 3987 sapientis?
970 3920 1066 3983 quem

39 3990 170 4076 quidem
186 3991 264 4058 nihil
283 3992 405 4078 opinari
422 4004 458 4061 tu
475 4015 613 4081 quoque,
630 3995 777 4071 Luculle,
797 3993 952 4059 concedis.
979 3991 1066 4078 quod

39 4085 191 4172 quoniam
209 4109 230 4152 a
251 4096 282 4152 te
304 4087 458 4174 probatur
474 4125 519 4136 -
534 4100 572 4154 ut
596 4098 799 4176 praepostere
826 4099 933 4154 tecum
955 4110 1064 4175 agam3

38 4203 115 4248 mox
132 4181 271 4250 referam
287 4205 339 4250 me
357 4183 399 4248 ad
415 4184 560 4250 ordinem
575 4220 634 4265 -,
652 4183 732 4251 haec
748 4183 887 4270 primum
905 4181 1066 4248 conclusio
