2688 4730
216 288 526 348 uomnmcouuu
542 289 718 348 Pmoauu
733 288 772 345 11.
790 289 884 344 9-13.
1019 272 1064 342 25
1188 243 1190 250 ’

38 417 162 482 tionem
183 415 246 481 mei
267 415 384 482 faciam
405 435 503 499 quam
524 414 620 480 modo
643 412 719 480 fecit
735 412 946 480 Hortensius!
990 434 1065 482 cum

37 513 86 577 ita
109 521 193 578 esset
216 531 361 586 exorsus,
388 510 429 574 ad
451 508 645 575 audiendum
667 509 789 574 animos
815 509 983 574 ereximus.
1029 519 1102 577 atu

37 606 95 671 ille
114 611 202 671 ‘cum
218 604 434 670 Alexandriae
451 625 509 690 pro
527 603 709 688 quaestore’
732 604 834 687 inquit
852 611 985 682 ‘essem,
1002 604 1065 670 fuit

38 699 222 766 Antiochus
238 720 380 776 mecum,
403 708 436 764 et
453 708 521 764 erat
541 699 606 763 iam
623 708 716 764 antea
733 699 949 765 Alexandriae
972 699 1066 766 fami-

37 794 128 859 liaris
153 791 307 859 Antiochi
331 793 514 866 Heraclitus
541 793 675 879 Tyrius,
703 793 758 877 qui
781 803 813 859 et
830 790 1064 860 Clitomachum

38 889 159 954 multos
182 909 281 955 annos
305 897 337 954 et
356 886 527 953 Philonem
548 888 706 966 audierat,
733 888 828 955 homo
851 911 928 956 sane
950 888 984 954 in
1005 888 1066 955 ista

38 982 255 1070 philosophia,
277 1003 360 1068 quae
376 1005 462 1048 nunc
478 1004 578 1069 prope
596 982 726 1050 dimissa
742 994 923 1062 revocatur,
949 983 1066 1071 proba-

38 1093 94 1144 tus
116 1089 148 1144 et
170 1077 301 1155 nobilis,
326 1099 399 1143 oum
420 1098 485 1163 quo
507 1077 705 1143 Antiochum
733 1101 829 1164 saepe
851 1079 1066 1164 disputantem

39 1173 223 1252 audiebam,
241 1173 297 1240 sed
314 1182 485 1257 utrumque
502 1172 628 1252 leniter3
646 1184 678 1239 et
696 1173 824 1258 quidem
841 1173 894 1239 isti
910 1174 984 1239 libri
1001 1175 1066 1239 duo

38 1268 202 1346 Philonis,
220 1267 261 1334 de
279 1267 395 1354 quibus
416 1267 486 1333 heri
503 1267 624 1333 dictum
641 1291 661 1333 a
679 1265 796 1334 Catulo
814 1278 871 1347 est,
889 1277 959 1334 tum
977 1279 1067 1334 erant

39 1363 141 1428 adlati
157 1363 387 1428 Alexandriam
409 1372 541 1446 tumque
562 1363 701 1449 primum
721 1363 756 1428 in
778 1362 931 1429 Antiochi
952 1385 1066 1428 manus

39 1468 211 1536 venerant3
238 1468 271 1524 et
292 1457 385 1522 homo
407 1467 523 1522 natura
543 1457 733 1522 lenissumus
750 1493 795 1504 -
810 1458 889 1524 nihil
907 1457 992 1524 enim
1008 1479 1067 1545 po·

39 1563 125 1618 terat
139 1551 209 1618 fieri
224 1550 280 1617 illo
296 1551 404 1618 mitius
420 1587 465 1600 -·-
481 1552 672 1618 stomachari
689 1563 796 1618 tamen
814 1553 927 1638 coepit.
972 1553 1067 1620 mira-

39 1648 116 1725 bar;
137 1667 199 1712 nec
216 1647 299 1712 enim
316 1667 470 1730 umquam
487 1656 560 1712 ante
578 1646 729 1712 videram.
774 1647 893 1724 atille,
911 1645 1067 1713 Heraohti

40 1743 228 1810 memoriam
249 1741 426 1828 inplorans,
453 1763 605 1827 quaerere
628 1763 670 1808 ex
688 1763 740 1820 eo,
767 1740 990 1808 viderenturne
1012 1741 1068 1806 illa

39 1837 187 1904 Philonis
214 1847 269 1902 aut
291 1860 330 1903 ea
349 1860 428 1902 num
449 1837 501 1903 vel
523 1836 695 1904 ePhilone
717 1837 768 1904 vel
790 1861 831 1904 ex
851 1838 916 1903 ullo
939 1837 1068 1903 Acade-

40 1934 125 1998 mico
143 1931 316 1998 audivisset
333 1931 521 2016 aliquando?
538 1932 691 2018 negabat:
709 1931 853 1997 Philonis
871 1942 978 1998 tamen
991 1931 1068 1997 scri·

40 2040 134 2115 ptum
157 2028 365 2115 agnoscebat3
391 2049 451 2094 nec
468 2028 502 2093 id
520 2029 649 2112 quidem
671 2029 811 2094 dubitari
826 2039 966 2115 poterat3
991 2051 1069 2094 nam

40 2124 177 2190 aderant
192 2125 256 2189 mei
272 2123 459 2200 familiares,
482 2123 568 2188 docti
588 2124 748 2202 homines,
770 2123 810 2189 P.
829 2134 862 2190 et
880 2121 919 2190 0.
939 2122 1018 2190 Selii
1035 2132 1068 2189 et

41 2218 194 2284 Tetrilius
212 2217 339 2304 Rogus,
358 2217 413 2302 qui
430 2241 465 2283 se
482 2218 537 2282 illa
554 2218 714 2285 audivisse
732 2219 855 2284 Romae
873 2219 913 2284 de
930 2218 1068 2284 Philone

40 2323 73 2378 et
90 2313 134 2378 ab
152 2333 191 2378 eo
207 2312 278 2398 ipso
294 2312 366 2377 illos
384 2312 448 2377 duo
469 2312 567 2378 libros
585 2312 726 2379 dicerent
743 2313 957 2399 descripsisse.
1000 2324 1070 2378 tum
1082 2331 1107 2371 12
1170 2320 1172 2324 '

40 2420 74 2474 et
90 2407 148 2472 illa
165 2407 246 2472 dixit
262 2407 451 2482 Antiochus,
470 2429 553 2491 quae
570 2407 638 2474 heri
657 2404 792 2473 Catulus
809 2407 1070 2474 commemoravit

42 2513 176 2588 epatre
198 2523 257 2566 suo
281 2501 365 2566 dicta
385 2500 529 2579 Philoni,
556 2511 588 2568 et
610 2503 673 2567 alia
694 2503 802 2588 plura3
827 2524 888 2568 nec
911 2524 946 2568 se
967 2502 1069 2568 tenuit

42 2597 123 2680 quin
141 2607 251 2662 contra
267 2619 361 2662 suum
380 2596 541 2662 doctorem
557 2597 675 2661 librum
689 2598 786 2663 etiam
803 2598 920 2675 ederet,
938 2597 994 2682 qui
1008 2595 1070 2663 So-

42 2715 98 2757 sus
119 2690 311 2756 inscribitur.
355 2701 423 2756 tum
445 2691 544 2777 igitur
561 2702 593 2757 et
614 2713 688 2756 cum
705 2692 905 2758 Heraclitum
928 2690 1070 2757 studiose

42 2785 188 2852 audirem
214 2796 324 2851 contra
345 2785 543 2852 Antiochum
571 2785 777 2851 disserentem
802 2787 933 2853 etitem
955 2785 1071 2850 Antio-

42 2881 141 2945 chum
158 2890 268 2946 oontra
280 2879 504 2958 Academicos,
523 2880 597 2945 dedi
609 2879 770 2945 Antiocho
788 2902 918 2966 operam
936 2881 1072 2967 diligen-

42 2975 123 3051 tius,
147 2984 183 3039 ut
205 2996 334 3040 causam
352 2997 393 3040 ex
410 2996 447 3041 eo
469 2985 570 3042 totam
587 2996 823 3061 cognoscerem.
867 2975 977 3059 itaque
994 2997 1071 3040 con-

42 3069 145 3156 pluris
172 3069 240 3135 dies
266 3068 408 3134 adhibito
432 3069 596 3135 Heraclito
620 3069 784 3154 doctisque
807 3067 1012 3155 conpluribus
1038 3079 1071 3135 et

42 3165 76 3230 in
102 3164 143 3229 iis
163 3162 316 3229 Antiochi
336 3163 449 3242 fraue,
474 3163 601 3242 Aristo,
628 3175 659 3230 et
680 3176 847 3250 praeterea
863 3165 1016 3231 Aristone
1038 3174 1071 3230 et

43 3258 166 3336 Dione,
191 3257 307 3344 quibus
329 3258 384 3324 ille
405 3259 580 3324 secundum
597 3258 727 3325 fratrem
744 3260 931 3347 plurumum
951 3259 1072 3324 tribue·

43 3353 116 3432 bat,
141 3353 278 3418 multum
301 3352 453 3439 temporis
474 3353 508 3419 in
524 3354 586 3418 ista
603 3377 668 3419 una
690 3354 905 3439 disputatione
923 3374 1071 3419 consum-

44 3447 177 3534 psimus.
222 3447 278 3514 sed
301 3469 341 3512 ea
356 3469 446 3534 pars,
464 3469 546 3532 quae
565 3459 675 3514 contra
691 3448 862 3514 Philonem
880 3459 962 3525 erat,
979 3469 1072 3533 prae-

44 3541 248 3609 termittenda
264 3553 327 3620 est3
349 3543 454 3608 minus
473 3542 558 3609 enim
575 3565 648 3610 acer
665 3553 714 3610 est
731 3544 932 3610 adversarius
949 3543 992 3620 is,
1015 3542 1072 3627 qui

44 3637 120 3714 ista,
147 3658 232 3722 quae
250 3647 324 3703 sunt
340 3637 409 3703 heri
427 3638 572 3717 defensa,
595 3649 694 3725 negat
710 3637 924 3704 Academicos
942 3638 1071 3702 omnino

45 3732 165 3798 dicere:
188 3732 249 3798 etsi
265 3732 351 3798 enim
367 3731 533 3810 mentitur,
551 3744 659 3799 tamen
675 3743 724 3798 est
741 3732 942 3799 adversarius
959 3731 1072 3798 lenior.

46 3828 86 3893 ad
106 3827 276 3894 Arcesilan
299 3825 562 3913 Oameademque
583 3827 770 3895 veniamus?
814 3850 898 3914 quae
923 3849 997 3894 oum
1022 3823 1107 3894 ‹li-⁶

45 3923 153 4002 risset,
171 3923 218 3989 sio
234 3945 345 3990 rursus
362 3945 493 3990 exorsus
511 3935 574 3990 est:
593 3923 747 4010 ‘primum
763 3923 842 3989 mihi
860 3922 1012 3990 videmini
1028 3959 1073 3972 -
1084 3897 1110 3937 ¹⁸

45 4041 98 4085 me
119 4029 228 4085 autem
250 4018 378 4084 nomine
401 4019 583 4106 appellabat
597 4055 654 4096 -,
680 4039 755 4084 cum
776 4029 900 4084 veteres
921 4017 1072 4104 physicos

45 4111 234 4194 nominatis,
250 4113 358 4182 facere
374 4113 476 4194 idem,
493 4113 581 4200 quod
597 4112 739 4182 seditiosi
754 4113 842 4184 cives
860 4115 976 4194 solent,
999 4137 1072 4184 oum
