2688 4730
226 287 535 349 Acunumccauu
551 285 727 362 estonum
743 288 782 342 11.
799 287 910 343 ιιι-39.
1035 269 1078 336 35

56 414 230 491 habebunt,
248 413 386 500 primum
403 414 478 498 quia
494 412 533 477 iis
546 412 632 490 visis,
649 414 732 478 inter
745 434 828 496 quae
845 411 923 476 nihil
939 411 1078 488 interest,

57 508 230 594 aequaliter
248 508 394 575 omnibus
412 508 585 594 abrogatur
601 508 695 586 fides3
720 507 850 582 deiude,
877 527 951 572 cum
973 504 1080 569 dicant

56 627 151 690 posse
168 603 310 674 accidere
330 603 463 689 sapienti
481 614 531 680 ut,
555 624 628 668 cum
646 602 752 668 omnia
773 600 884 666 fecerit
907 598 1080 685 diligentis-

51 700 199 784 simeque
225 697 499 785 circumspexerit,
526 700 658 764 exsistat
683 697 827 782 aliquid,
844 696 931 781 quod
957 706 989 760 et
1013 694 1081 758 veri

58 793 160 858 simile
177 793 322 860 videatur
340 804 372 858 et
389 793 472 858 absit
489 793 672 879 longissime
691 816 711 857 a
727 815 813 869 vero,
831 814 868 856 ae
886 791 913 855 si
930 812 1081 876 magnam

57 900 180 974 partem
203 888 346 974 quidem,
372 898 408 952 ut
430 888 532 954 solent
554 887 675 966 dicere,
701 887 743 952 ad
768 909 879 952 verum
900 885 1006 971 ipsum
1027 895 1082 948 aut

58 983 315 1068 quamproxime
333 983 495 1060 accedant,
515 983 672 1048 confidere
691 983 751 1046 sibi
767 991 929 1066 poterunt3
948 989 984 1046 ut
997 979 1082 1044 enirn

58 1076 233 1152 confidant,
260 1088 371 1142 notum
388 1077 427 1141 iis
446 1099 517 1142 esse
538 1077 667 1142 debebit
688 1077 812 1162 insigne
834 1075 915 1142 ueri:
938 1096 1002 1158 quo
1025 1072 1082 1138 ob·

59 1197 152 1240 scuto
174 1185 206 1238 et
229 1195 379 1260 oppresso
401 1175 488 1259 quod
513 1175 642 1238 tandem
669 1196 780 1238 verum
803 1171 865 1238 sibi
890 1170 1083 1236 videbuntur

57 1269 233 1354 attingere?
255 1269 332 1354 quid
349 1280 457 1334 autem
471 1279 537 1334 tam
551 1269 687 1334 absurde
701 1268 764 1332 dici
780 1277 885 1352 potest
898 1286 994 1348 quam
1010 1287 1083 1330 cum

57 1365 105 1428 ita
120 1364 307 1447 loquuntur:
327 1375 375 1429 est
391 1363 452 1428 hoc
467 1365 596 1448 quidem
612 1364 697 1428 illius
714 1362 761 1428 rei
774 1363 902 1448 signum
920 1371 975 1424 aut
988 1381 1084 1445 argu·

58 1469 217 1534 mentum,
236 1469 268 1526 et
284 1481 324 1524 ea
336 1481 372 1524 re
388 1459 423 1523 id
440 1481 571 1543 sequor,
594 1458 652 1525 sed
667 1458 736 1523 fieri
753 1468 858 1543 potest
875 1455 974 1532 ulid,
997 1453 1084 1537 quod

59 1552 272 1638 significatur,
295 1563 350 1617 aut
372 1553 489 1634 falsum
511 1553 553 1618 sit
575 1563 630 1618 aut
651 1552 730 1616 nihil
753 1549 825 1638 [sit]
844 1549 982 1615 omnino.
1028 1547 1083 1612 sed

60 1647 101 1712 de
124 1646 326 1732 perceptione
348 1646 510 1712 hactenus.
561 1647 682 1731 siquis
705 1646 864 1722 enimes,
891 1665 974 1728 quae
1000 1642 1085 1707 dicta

60 1751 145 1816 sunt,
161 1739 355 1806 labefactare
372 1742 472 1820 volet,
494 1741 587 1808 facile
606 1741 702 1806 etiam
719 1739 904 1806 absentibus
920 1735 1012 1802 nobis
1031 1758 1085 1800 ve-

60 1835 138 1900 ritas
157 1856 191 1898 se
207 1832 277 1920 ipsa
295 1834 455 1901 defendet.

127 1929 189 1992 His
206 1929 282 1994 satis
300 1930 448 2016 cognitis,
470 1952 553 2014 quae
575 1930 640 1995 iam
659 1931 815 2016 explicata
833 1939 921 2005 sunt,
942 1948 1028 1992 nunc
1046 1927 1085 1990 de
1103 1923 1136 1976 12

63 2023 251 2089 adsensione
269 2035 365 2107 atque
378 2025 616 2110 adprobatione,
633 2046 732 2109 quam
746 2023 863 2090 Graeci
881 2019 1085 2107 ovynccdds-
1107 1995 1132 2035 ³⁷

65 2141 116 2183 σιν
135 2127 259 2194 vocant,
276 2139 380 2227 pauca
398 2119 554 2195 dicemus,
577 2141 643 2184 non
660 2140 724 2202 quo
741 2140 807 2183 non
827 2118 872 2184 lat
859 2128 910 2183 tus
927 2115 1016 2182 locus
1034 2114 1089 2192 sit,

64 2211 123 2276 sed
138 2212 234 2298 paulo
256 2223 331 2277 ante
350 2213 435 2281 iacta
458 2224 532 2290 sunt
519 2213 741 2278 ttfundamen
728 2225 771 2278 ta.
814 2235 891 2278 nam
913 2233 987 2278 cum
1010 2210 1085 2286 vim,

64 2327 147 2390 quae
166 2317 249 2372 esset
264 2307 299 2370 in
316 2305 477 2385 sensibus,
490 2308 739 2393 explicabamus,
758 2308 852 2372 simul
869 2305 948 2372 illud
965 2305 1087 2392 aperie-

57 2402 173 2479 batur,
197 2401 410 2487 conprehendi
427 2404 527 2468 multa
545 2414 577 2468 et
598 2402 718 2489 percipi
737 2402 896 2480 sensibus,
915 2401 1002 2486 quod
1017 2400 1087 2466 fieri

65 2496 134 2560 siue
152 2497 337 2563 adsensione
354 2519 420 2562 non
436 2509 549 2583 potest.
590 2499 704 2563 deinde
723 2520 796 2563 cum
812 2499 894 2564 inter
910 2496 1087 2564 inanimum
1144 2523 1145 2528 ¹

64 2605 99 2658 et
116 2592 233 2658 animal
248 2592 309 2659 hoc
325 2593 463 2660 maxime
480 2593 618 2672 intersit,
640 2594 728 2680 quod
745 2593 861 2658 animal
879 2592 945 2678 agit
967 2591 1088 2674 aliquid

64 2687 194 2752 -nihil
211 2688 296 2752 enim
310 2710 408 2774 agens
421 2711 462 2754 ne
476 2689 609 2774 cogitari
622 2689 751 2773 quidem
764 2698 869 2775 potest
877 2685 971 2770 quale
986 2685 1027 2750 sit
1034 2719 1087 2762 —-,

65 2794 123 2850 aut
141 2783 170 2848 ei
187 2805 298 2848 sensus
320 2784 508 2848 adimendus
527 2795 576 2850 est
597 2795 653 2848 aut
674 2807 726 2864 ea,
754 2793 903 2868 quaeest
924 2781 958 2846 in
979 2791 1089 2845 nostra

64 2887 223 2964 potestate
241 2877 314 2955 sita,
338 2878 500 2944 reddenda
522 2879 678 2944 adsensio.
723 2889 849 2944 atvero
867 2877 991 2942 animus
1010 2897 1089 2960 quo·
1109 2889 1137 2928 ³⁸

66 2975 142 3036 dam
159 2971 253 3036 modo
272 2971 403 3057 eripitur
419 2973 472 3050 iis,
495 2993 574 3055 quos
593 2994 696 3056 neque
720 2973 836 3038 sentire
853 2993 958 3056 neque
976 2969 1089 3036 adsen-

68 3066 120 3132 tiri
136 3066 256 3130 voluut.
300 3079 336 3131 ut
353 3066 438 3130 enim
455 3089 585 3132 necesse
603 3078 651 3140 est
672 3069 797 3134 lancem
814 3067 848 3130 in
866 3066 948 3132 libra
968 3065 1090 3151 ponde-

64 3161 155 3226 ribus
180 3159 324 3247 inpositis
351 3159 499 3246 deprimi,
525 3161 571 3226 sic
598 3162 739 3228 animum
764 3161 942 3247 perspicuis
967 3159 1088 3225 cedere.

64 3280 142 3324 nam
160 3277 223 3340 quo
240 3256 335 3320 modo
353 3278 417 3322 non
434 3267 539 3342 potest
553 3257 669 3324 animal
686 3257 789 3324 ullum
801 3278 865 3322 non
879 3256 1028 3341 adpetere
1045 3253 1089 3330 id,

66 3351 155 3436 quod
173 3351 447 3416 accommodatum
464 3350 506 3415 ad
527 3362 675 3418 naturam
693 3352 904 3437 adpareat-
922 3347 1040 3415 Graeci
1055 3347 1090 3413 id

67 3445 187 3511 οἰκεῖον
210 3446 371 3530 appellant
387 3481 444 3523 -,
471 3446 517 3511 sic
539 3467 604 3510 non
625 3456 730 3532 potest
752 3446 909 3510 obiectam
930 3466 997 3509 rem
1018 3461 1090 3528 per·

68 3539 213 3628 spicuam
229 3561 293 3604 non
311 3539 497 3625 adprobare.
542 3562 751 3625 quamquam,
775 3541 803 3605 si
819 3540 888 3617 illa,
912 3539 952 3603 de
974 3536 1089 3622 quibus

68 3633 266 3719 disputatum
292 3646 353 3711 est,
381 3657 457 3700 vcra
483 3646 571 3711 sunt,
598 3635 676 3700 nihil
703 3636 816 3700 attinet
842 3634 882 3699 de
904 3631 1090 3706 adsensione

67 3728 197 3794 omnino
214 3729 316 3813 loqui3
340 3729 395 3813 qui
413 3729 498 3794 enim
516 3730 594 3813 quid
610 3730 758 3814 percipit,
782 3727 956 3794 adsentitur
973 3725 1091 3792 statim.

66 3823 125 3890 sed
137 3824 217 3888 haec
232 3824 328 3888 etiam
342 3834 527 3908 sequuntur,
545 3847 605 3890 nec
618 3823 804 3890 memoriam
818 3823 894 3898 sine,
904 3817 1101 3887 adsensione

64 3941 162 4006 posse
180 3931 324 3984 constare
342 3941 402 3984 nec
419 3919 547 3984 notitias
564 3943 671 3986 rerum
687 3941 748 3982 nec
764 3918 853 3994 artis,
872 3916 983 4001 idque,
1005 3914 1091 3998 quod

64 4013 244 4080 maximum
267 4026 329 4091 est,
355 4025 391 4078 ut
414 4013 455 4078 sit
472 4013 592 4098 aliquid
612 4014 647 4080 in
664 4025 772 4078 nostra
789 4020 959 4097 potestate,
984 4010 1019 4075 in
1042 4029 1090 4086 eo,

63 4109 122 4194 qui
139 4108 187 4174 rei
204 4109 282 4174 nulli
299 4107 508 4187 adsentietur,
529 4131 595 4174 non
617 4109 685 4174 erit.
729 4106 785 4171 ubi
805 4105 904 4192 igitur
926 4105 1041 4184 virtus,
1063 4103 1091 4170 si
1111 4120 1136 4160 as

877 4205 913 4260 30
