2688 4730
208 334 518 396 ACADEMIOORUM
534 335 709 406 PRIORUM
724 335 763 390 11.
782 335 891 392 74-79.
1015 323 1057 402 49

33 467 213 555 percipere,
239 477 323 548 quse
347 471 437 527 tactu
461 461 583 526 intumo
605 459 757 537 sentiant,
782 470 819 526 ut
841 459 996 540 dolorem,
1021 472 1058 527 ut

30 563 246 648 voluptatem3
267 579 372 642 nsque
389 580 424 624 se
446 577 511 641 quo
529 555 607 640 quid
629 555 733 621 colore
755 565 812 622 aut
833 577 897 642 quo
921 578 998 624 sono
1017 558 1059 624 sit

31 657 126 733 scire,
143 655 201 724 sed
217 664 341 723 tautum
363 651 478 718 sentire
501 649 594 716 adfici
616 673 650 716 se
673 650 813 735 quodam
830 653 935 718 modo.
980 652 1057 719 satis

31 751 136 818 multa
149 749 190 816 de
203 747 395 816 auctoribus.
418 766 613 831 quamquam
626 767 667 810 ex
679 768 731 810 me
743 746 936 830 quaesieras,
950 769 1057 816 nonne
1131 832 1134 840 y

31 855 181 933 putarem
205 853 279 931 post
304 841 375 907 illos
400 852 524 908 veteres
551 849 597 904 tot
624 839 758 906 saeculis
784 840 921 926 inveniri
946 864 1057 909 verum

30 940 185 1030 potuisse,
202 948 250 1005 tot
266 937 402 1024 ingeniis
421 936 580 1020 tantisque
595 935 708 1001 studiis
722 937 957 1021 quaerentibus.
981 937 1058 1024 quid

29 1037 200 1102 inventum
222 1033 263 1098 sit
283 1032 381 1119 paulo
402 1042 475 1118 post
496 1029 622 1108 videro,
649 1039 680 1095 te
703 1029 773 1118 ipso
792 1030 920 1116 quidem
942 1030 1057 1098 iudice.

29 1128 202 1198 Arcesilan
215 1150 292 1194 vero
304 1149 369 1192 non
383 1125 581 1194 obtrectandi
595 1147 693 1192 causa
705 1147 779 1191 cum
788 1125 916 1193 Zenone
934 1149 1058 1216 pugna-

29 1225 129 1304 visse,
147 1224 204 1292 sed
221 1245 333 1290 verum
349 1221 493 1290 iuvenire
506 1220 654 1300 voluisse,
673 1221 719 1286 sic
731 1221 941 1310 intellegitur:
964 1244 1058 1288 nemo
1080 1242 1105 1284 tr

29 1343 187 1406 umquam
209 1319 407 1407 superiorum
427 1338 493 1383 nou
515 1315 610 1382 modo
634 1328 847 1403 expresserat,
874 1318 931 1384 sed
951 1341 993 1384 ne
1011 1317 1059 1383 di-

29 1428 125 1486 xerat
150 1413 279 1502 quidem
305 1435 399 1501 posse
424 1412 586 1479 hominem
608 1411 687 1477 nihil
710 1412 846 1500 opinari,
873 1434 933 1479 nee
956 1413 1059 1478 solum

30 1535 144 1600 posse,
170 1511 228 1580 sed
247 1510 292 1578 ita
311 1530 443 1578 necesse
466 1530 535 1575 esse
558 1506 707 1594 sapienti:
737 1507 807 1574 visa
829 1518 877 1573 est
893 1508 1058 1574 Arcesilae

30 1629 109 1674 cum
122 1628 199 1672 vera
212 1604 379 1682 sententia,
395 1614 465 1670 tum
482 1602 616 1669 honesta
629 1613 661 1668 et
673 1601 771 1690 digna
785 1603 942 1690 sapiente3
961 1625 1058 1688 quae-

31 1703 108 1769 sivit
126 1701 167 1768 de
185 1701 315 1768 Zenone
332 1698 478 1778 fortasse,
495 1699 573 1784 quid
590 1696 735 1764 futurum
752 1709 846 1776 esset,
864 1698 892 1765 si
909 1721 969 1766 nec
986 1723 1058 1786 per-

31 1799 140 1884 cipere
167 1796 339 1881 quicquam
369 1804 477 1882 posset
508 1793 635 1882 sapiens
665 1816 725 1860 neo
752 1794 875 1881 opinari
906 1795 1057 1882 sapientis

32 1904 127 1960 esset.
159 1891 223 1969 ille,
242 1890 346 1969 credo,
363 1889 443 1960 nibil
461 1889 673 1978 opinaturum,
690 1891 842 1975 quoniam
860 1901 953 1968 esset,
970 1890 1058 1975 quod

31 1987 156 2076 percipi
172 1998 289 2074 posset
324 1986 402 2070 quid
420 2007 496 2073 ergo
512 1985 548 2050 id
565 1986 668 2052 esset?
690 1987 805 2064 visum,
823 1985 927 2053 credo.
964 1986 1058 2070 quale
1114 2057 1117 2063 ,

31 2085 133 2170 igitur
150 2082 272 2148 visum?
294 2092 363 2147 tum
379 2080 470 2146 illurn
486 2080 532 2145 ita
549 2079 712 2159 definisse,
731 2103 771 2146 ex
789 2103 842 2158 eo,
860 2080 947 2165 quod
964 2091 1057 2158 esset,

32 2179 117 2245 sicut
143 2188 240 2255 esset,
270 2176 450 2263 inpressum
477 2187 510 2241 et
536 2176 697 2262 signatum
724 2186 756 2241 et
782 2175 934 2242 effictum.
985 2185 1059 2262 post

31 2273 233 2360 requisitum,
252 2272 399 2348 etiamne,
417 2271 445 2337 si
462 2270 605 2338 eiusdem
622 2269 710 2335 modi
724 2281 808 2336 esset
820 2269 925 2336 visum
938 2293 1059 2349 verum,

31 2368 130 2454 quale
147 2367 199 2434 vel
215 2365 346 2434 falsum:
364 2366 416 2433 hic
430 2365 592 2433 Zenonem
607 2365 725 2432 vidisse
743 2376 835 2432 acute
852 2366 977 2433 nullum
990 2389 1060 2432 esse

32 2465 141 2530 visum
157 2463 244 2548 quod
260 2461 381 2550 percipi
397 2472 519 2548 posset,
546 2460 573 2527 si
593 2460 628 2526 id
644 2461 708 2527 tale
731 2470 815 2526 esset
837 2461 879 2526 ab
896 2483 950 2539 eo,
974 2459 1060 2546 quod

32 2571 99 2635 est,
120 2569 158 2627 ut
179 2557 321 2625 eiusdem
338 2557 427 2624 modi
445 2557 486 2623 ab
505 2578 558 2634 eo,
583 2557 669 2643 quod
686 2578 752 2623 non
769 2567 831 2633 est,
854 2568 962 2643 posset
980 2579 1059 2622 esse.

31 2665 121 2720 recte
136 2653 294 2720 consensit
302 2653 478 2731 Arcesilas3
495 2653 539 2718 ad
553 2651 767 2719 definitionem
781 2651 938 2718 additum:
957 2673 1062 2735 neque

33 2749 122 2816 euim
147 2747 265 2814 falsum
289 2747 411 2835 percipi
436 2768 539 2834 posse,
551 2767 655 2832 neque
676 2768 804 2825 rerum,
831 2746 859 2812 si
882 2757 965 2812 esset
986 2746 1061 2825 tale,

32 2843 131 2928 quale
151 2843 203 2909 vel
225 2841 353 2908 falsum.
396 2841 542 2910 incubuit
563 2853 670 2910 autem
690 2841 725 2906 in
749 2865 803 2908 eas
821 2840 1062 2928 disputationes,

32 2951 71 3004 ut
90 2938 218 3004 doceret
234 2937 358 3004 nullum
379 2935 443 3002 tale
461 2959 531 3002 esse
553 2936 696 3031 qisuma
718 2957 807 3013 vero,
835 2945 957 3001 utnon
978 2935 1062 3002 eius·

34 3034 112 3100 dem
128 3032 215 3098 modi
232 3032 328 3100 etiam
345 3056 365 3098 a
381 3031 463 3098 falso
480 3042 589 3118 posset
611 3053 690 3099 esse.
735 3031 815 3097 haec
833 3041 882 3096 est
902 3053 969 3096 una
986 3053 1061 3096 con·
1083 3048 1109 3090 rs

34 3128 146 3205 tentio,
164 3149 249 3213 quae
266 3127 371 3194 adhuc
392 3127 617 3214 permanserim
635 3149 711 3194 nam
727 3125 821 3204 illud,
844 3125 924 3190 nulli
941 3125 988 3192 rei
1005 3125 1063 3192 ad·

34 3245 205 3292 sensurum
230 3245 299 3288 esse
325 3220 514 3308 sapientem,
541 3220 620 3286 nihil
646 3219 689 3287 ad
710 3220 794 3287 hanc
817 3220 1063 3286 controversiam

34 3317 225 3404 pertinebat.
251 3316 369 3384 licebat
386 3316 471 3383 euim
486 3316 566 3382 nihil
582 3315 747 3404 percipere
761 3327 793 3382 et
809 3325 916 3382 tamen
930 3315 1062 3401 opinari,

35 3412 124 3498 quod
137 3408 333 3479 aOarueade
351 3411 466 3477 dicitur
482 3411 667 3498 probatum3
686 3411 844 3496 equidem,
863 3407 1063 3476 Clitomacho

35 3508 108 3593 plus
136 3527 235 3592 quam
254 3505 384 3574 Philoni
410 3516 466 3572 aut
486 3505 673 3574 Metrodoro
700 3506 848 3583 credens,
874 3505 937 3570 hoc
958 3504 1061 3590 magis

36 3602 77 3666 ab
96 3623 138 3690 eo
154 3600 349 3688 disputatum
366 3624 465 3687 quam
481 3600 653 3688 probatum
673 3611 762 3687 puto.
806 3600 864 3666 sed
884 3600 919 3664 id
937 3599 1063 3664 omitta-

37 3719 124 3762 mus:
149 3694 231 3762 illud
257 3707 341 3764 certe
364 3695 545 3784 opinatione
572 3706 605 3762 et
629 3696 833 3782 perceptione
860 3694 987 3760 sublata
1012 3717 1062 3760 se·

36 3792 161 3876 quitur,
187 3789 330 3856 omnium
347 3791 573 3860 adsensionum
594 3789 744 3867 retentio,
770 3799 821 3867 ut,
845 3789 873 3854 si
896 3787 1063 3856 ostendero

35 3885 116 3953 nihil
138 3907 232 3972 posse
254 3885 390 3974 percipi,
411 3897 448 3953 tu
471 3884 626 3954 concedas
653 3905 830 3970 numquam
851 3882 1064 3950 adsensurum

38 4003 118 4048 esse.

103 4074 194 4158 Quid
216 4098 292 4164 ergo
310 4075 463 4161 estquod
484 4074 605 4164 percipi
620 4074 736 4161 possit,
758 4074 786 4140 si
802 4097 843 4140 ne
861 4095 973 4140 sensus
991 4071 1063 4158 qui·
1078 4058 1115 4174 ξξ

37 4169 112 4236 dem
130 4192 208 4237 vera
223 4170 390 4238 nuntiant?
411 4192 492 4256 quos
509 4182 555 4248 tu,
573 4169 722 4249 Luculle,
740 4168 902 4237 communi
918 4166 989 4234 loco
1007 4167 1063 4234 de·

89 4272 251 4317 emmau.
262 4271 295 4316 u.
868 4269 888 4325 4
