2688 4730
276 338 317 404 12
578 349 617 407 11.
636 351 773 410 runnu
790 349 989 410 cromorrs
1324 358 1325 432 1

241 481 257 536 ‘1
275 477 351 541 dum
374 475 544 542 inauditis!
589 483 663 543 ‘nos
685 476 786 555 vero,’
808 477 912 562 inquit
928 476 1057 544 Atticus
1084 477 1178 563 ‘quin
1200 479 1296 546 etiam

236 553 657 653 25(111111111111111111111,
676 595 750 640 cum
766 573 868 652 voles,
891 573 918 638 si
935 584 966 638 te
983 572 1102 638 Latina
1119 574 1202 641 forte
1219 577 1297 641 defi·

274 667 378 733 111113
421 667 518 734 ‘bene
545 691 621 735 rane
647 669 741 748 facis3
768 669 826 735 sed
851 669 953 734 enitar
974 679 1010 734 ut
1031 668 1148 736 Latine
1173 671 1297 755 loquar,

273 762 335 828 nisi
355 762 388 826 in
411 761 544 829 huiusce
561 763 648 828 modi
664 763 786 841 verbis,
810 772 846 828 ut
867 762 1100 848 philosophiam
1118 775 1174 830 aut
1190 766 1298 831 rheto-

273 856 372 922 ricam
389 867 445 923 aut
461 857 628 944 physicam
645 867 701 923 aut
714 857 911 925 dialecticam
929 858 1096 944 appellem,
1115 859 1243 943 quibus,
1263 871 1298 924 ut

273 951 342 1017 aliis
359 952 478 1031 multis,
496 954 692 1020 consuetudo
709 953 775 1019 iam
791 953 891 1019 utitur
907 975 965 1040 pro
982 953 1117 1020 Latinis.
1162 955 1298 1039 qualita-

272 1057 321 1112 tes
337 1047 435 1134 igitur
452 1049 621 1135 appellavi,
638 1069 719 1133 quas
737 1047 919 1134 ποιότητας
928 1046 1047 1115 Graeci
1063 1060 1192 1129 vocant3
1210 1051 1297 1134 quod

271 1143 378 1229 ipsum
395 1144 482 1230 apud
500 1142 643 1210 Graecos
660 1166 725 1209 non
742 1153 792 1210 est
808 1144 895 1230 volgi
912 1145 1061 1223 verbum,
1083 1145 1140 1211 sed
1157 1146 1298 1231 philoso-

273 1238 424 1323 phorum,
451 1249 547 1324 atque
571 1239 607 1305 id
627 1240 662 1304 in
686 1238 808 1316 multis3
836 1238 1074 1306 dialecticorum
1099 1261 1174 1306 vero
1198 1241 1298 1304 verba

272 1332 360 1400 nulla
377 1342 452 1399 sunt
468 1333 597 1420 publica
602 1358 612 1412 ;
631 1333 696 1398 suis
713 1342 856 1398 utuntur.
884 1344 916 1400 et
932 1333 965 1399 id
983 1333 1112 1418 qui'dem
1130 1356 1297 1398 commune

274 1427 416 1494 omnium
432 1427 500 1493 fere
518 1428 715 1493 astartium:
738 1437 794 1494 aut
816 1428 900 1493 enim
917 1450 1001 1493 nova
1018 1439 1093 1494 sunt
1113 1452 1221 1494 rerum
1238 1451 1298 1493 1ο-
1327 1489 1328 1492 ,

273 1545 385 1588 varum
402 1523 548 1589 facienda
564 1524 693 1590 nomina
710 1534 767 1590 aut
788 1548 828 1590 ex
845 1524 915 1588 aliis
938 1525 1166 1591 transferenda.
1210 1525 1299 1609 quod
1327 1513 1328 1524 ¹

274 1619 300 1684 si
319 1616 437 1684 Graeci
458 1619 595 1698 faciunt,
618 1619 675 1704 qui
697 1620 730 1684 in
753 1619 803 1684 his
819 1619 915 1685 rebus
934 1629 982 1684 tot
998 1619 1063 1685 iam
1081 1621 1209 1686 saecula
1225 1643 1299 1685 ver-

273 1725 393 1792 santur,
412 1725 531 1799 quanto
545 1713 580 1780 id
591 1715 684 1779 nobis
698 1714 802 1800 magis
816 1715 1054 1781 concedendum
1068 1726 1125 1792 111,
1143 1717 1199 1801 qui
1216 1715 1298 1780 haec

235 1830 358 1874 renunc
387 1809 525 1895 primum
555 1819 691 1875 tractare
722 1807 906 1873 conamuri’
946 1815 998 1874 ‘tu
1027 1809 1134 1887 vero,'
1164 1810 1299 1894 inquam

274 1905 403 1981 ‘Varro,
420 1904 503 1970 bene
517 1903 613 1968 etiam
625 1902 794 1968 meriturus
807 1901 885 1966 mihi
897 1903 1014 1969 videris
1028 1905 1068 1970 de
1085 1905 1148 1970 tuis
1163 1905 1300 1981 civibus,

273 1999 301 2063 si
326 2020 380 2064 eos
406 2020 471 2063 non
497 1997 592 2063 modo
614 1996 706 2084 copia
727 2018 834 2063 rerum
856 1998 998 2076 auxeris,
1024 1999 1072 2063 uti
1094 1997 1212 2076 fecisti,
1240 2001 1301 2064 sed

273 2093 369 2159 etiarn
385 2092 577 2158 verborum?
613 2091 816 2160 ‘audebimus
834 2093 925 2179 ergo'
942 2092 1046 2177 inquit
1065 2094 1171 2159 ‘novis
1189 2093 1301 2159 verbis
1329 2151 1330 2158 ,

273 2189 318 2253 uti
336 2199 368 2254 te
386 2198 528 2264 auctore,
555 2187 582 2252 si
600 2210 730 2254 necesse
748 2188 817 2254 erit.
861 2211 971 2254 earum
992 2189 1090 2274 igitur
1107 2188 1302 2272 qualitatum

273 2292 347 2349 sunt
373 2283 453 2349 aliae
478 2283 653 2370 principes,
680 2283 761 2349 aliae
783 2306 824 2349 ex
848 2283 887 2348 iis
910 2293 1012 2349 ortae:
1038 2284 1196 2371 principes
1223 2296 1303 2349 sunt

273 2377 472 2444 uniusmodi
495 2387 527 2444 et
549 2378 722 2464 simplices,
750 2377 846 2442 exiis
865 2387 971 2444 autem
988 2389 1076 2444 ortae
1098 2379 1205 2443 variae
1223 2391 1304 2443 sunt

274 2483 305 2537 et
322 2471 414 2558 quasi
430 2472 651 2538 multiformes.
685 2472 794 2558 itaque
812 2477 927 2537 111-
943 2471 1004 2537 hoc
1027 2493 1155 2558 quoque
1178 2472 1306 2538 utimur

272 2568 336 2633 iam
352 2589 411 2655 pro
428 2566 547 2633 Latino
564 2604 608 2616 -
624 2577 657 2634 et
673 2566 757 2652 ignis
775 2576 808 2632 et
824 2588 908 2651 aqua
925 2577 958 2632 et
975 2578 1058 2632 terra
1074 2567 1195 2654 primae
1212 2581 1305 2644 sunt,

273 2687 313 2729 ex
330 2663 369 2728 iis
387 2674 495 2730 autem
512 2673 599 2729 ortae
617 2662 825 2728 animantium
848 2662 970 2729 formae
989 2685 1160 2748 earumque
1178 2687 1305 2743 rerum,

273 2780 355 2843 quae
372 2759 549 2846 gignuntur
566 2781 584 2825 e
601 2769 694 2824 terra.
739 2781 815 2846 ergo
832 2759 888 2824 illa
905 2758 994 2825 initia
1011 2769 1057 2837 et,
1081 2771 1117 2824 ut
1135 2781 1153 2825 e
1171 2757 1307 2825 Graeco

272 2864 403 2933 vertam,
422 2855 578 2921 elementa
595 2854 758 2920 dicuntum
777 2855 925 2938 equibus
940 2860 995 2919 adr
1008 2865 1040 2920 et
1052 2854 1136 2941 ignis
1148 2856 1308 2920 movendi

272 2950 337 3014 vim
354 2949 473 3015 habent
487 2961 519 3015 ct
532 2949 700 3028 efficiendi,
718 2949 841 3034 reliqua
853 2948 952 3036 partis
967 2949 1143 3036 accipiendi
1161 2960 1192 3014 et
1206 2952 1309 3033 quasi

271 3042 426 3130 patiendi,
449 3066 565 3129 aquam
582 3045 653 3110 dico
671 3053 703 3110 et
724 3053 849 3110 terram.
894 3044 1041 3128 quintum
1058 3066 1175 3130 genus,
1198 3065 1216 3108 e
1236 3066 1309 3127 quo

273 3148 379 3203 essent
405 3149 491 3204 astra
516 3150 718 3222 mentesque,
749 3139 910 3224 singulare
938 3160 1111 3222 eorumque
1138 3153 1309 3222 quattuor,

272 3256 355 3319 quac
378 3257 475 3322 supra
492 3236 572 3314 dixi,
599 3235 751 3300 dissimile
769 3234 959 3300 Aristoteles
982 3235 1144 3320 quoddam
1161 3255 1232 3298 esse
1249 3255 1311 3300 re-

234 3330 376 3395 abatur.
424 3331 481 3397 sed
503 3331 678 3397 subiectam
700 3339 815 3414 putant
837 3329 986 3395 omnibus
1008 3330 1077 3395 sine
1100 3328 1165 3393 ulla
1193 3330 1311 3413 specie

273 3435 368 3510 atque
385 3435 546 3492 carentem
562 3425 650 3490 omni
666 3425 722 3490 illa
739 3425 946 3509 qualitate—
957 3424 1114 3490 faciamus
1132 3424 1217 3489 enim
1234 3435 1311 3489 tra-

273 3521 387 3586 ctando
404 3520 552 3588 usitatius
569 3520 630 3586 hoc
647 3521 783 3586 verbnm
800 3530 833 3586 11
849 3519 1178 3586 tritius-materiam
1196 3517 1311 3602 quun-

273 3615 357 3693 dam,
376 3639 394 3682 1
411 3638 476 3701 qua
493 3616 600 3682 omnia
616 3637 767 3702 expressa
790 3624 886 3700 atque
904 3613 1011 3682 efficta
1029 3614 1104 3678 sint:
1128 3633 1210 3698 quae
1234 3611 1310 3678 for·-

271 3733 341 3776 mas
373 3710 473 3777 omnis
504 3711 647 3798 accipere
676 3709 778 3797 possit
806 3708 1018 3793 omnibusque
1047 3708 1150 3773 modis
1181 3711 1310 3774 mutari

272 3816 369 3891 atque
382 3829 422 3872 ex
436 3806 521 3870 omni
534 3816 638 3891 parte3
657 3827 760 3889 eoque
775 3805 870 3871 etiarn
883 3804 1020 3882 interire,
1028 3825 1093 3868 non
1106 3800 1309 3892 intnihilum,

272 3899 381 3966 sedin
398 3923 471 3965 suas
489 3901 603 3986 partis,
630 3922 713 3986 quae
729 3899 851 3966 infinite
874 3899 975 3966 secari
993 3921 1030 3965 ac
1048 3895 1147 3963 dividi
1164 3894 1308 3982 possint,

273 4017 346 4060 cum
367 3995 408 4060 sit
430 3995 509 4060 nihil
532 3996 660 4062 omnino
681 3996 715 4059 in
736 4017 844 4062 rerum
865 4005 980 4061 natura
1002 3993 1183 4070 minimum,
1211 3994 1308 4076 quod

272 4089 372 4153 dividi
387 4101 539 4175 nequeat3
562 4111 644 4174 quae
662 4101 769 4156 autem
785 4101 983 4168 moveantur,
1003 4089 1108 4154 omnia
1125 4087 1307 4153 intervallis

233 4200 260 4241 as
272 4185 407 4263 moveri,
434 4206 516 4270 quae
537 4184 705 4252 intervalla
725 4185 803 4251 item
823 4185 946 4252 infinite
968 4184 1067 4250 dividi
1089 4181 1221 4270 possint.
1268 4191 1307 4248 et
