2688 4730
157 271 158 274 ‘
253 256 256 265 “
280 271 324 341 60
585 285 624 342 u.
643 284 780 345 sunau
797 281 996 344 cronacum

280 412 391 489 libero,
409 410 498 476 nulla
514 433 550 476 re
566 409 730 497 inplicato,
748 408 838 475 vides
855 408 1013 495 profecto,
1031 407 1183 488 Luculle,
1201 408 1303 476 iacere

279 507 345 575 iam
366 506 446 572 illud
468 518 559 572 tuum
580 505 812 593 perspicuitatis
839 503 1063 591 patrocinium
1090 503 1193 570 isdem
1221 504 1303 570 eninr

280 601 333 668 hic
355 601 497 687 sapiens,
524 601 645 687 dequo
668 601 793 684 loquor,
822 599 935 677 oculis,
962 599 1078 684 quibus
1104 598 1163 664 iste
1189 611 1302 678 vester,

281 695 419 774 caelum,
437 705 565 774 terram,
582 717 670 760 mare
687 693 871 772 intuebitur,
889 695 990 760 isdem
1009 693 1153 760 sensibus
1171 695 1303 780 reliqua,

281 812 364 875 quae
382 789 443 855 sub
461 811 620 874 quemque
642 811 771 856 sensum
788 789 920 865 cadunt,
943 788 1067 854 sentiet.
1110 811 1198 856 mare
1217 789 1303 868 illud,

281 885 368 970 quod
389 905 475 949 nunc
498 883 642 949 Favonio
664 892 813 949 nascente
835 904 1031 969 purpureum
1053 881 1193 962 videtur,
1220 883 1304 949 idem

281 979 356 1044 huic
372 989 481 1044 nostro
499 978 669 1056 videbitur,
686 999 746 1043 nec
764 987 870 1042 tamen
883 976 1087 1056 adsentietur,
1105 978 1181 1061 quia
1198 978 1304 1044 nobis·

280 1085 346 1138 met
361 1073 439 1160 ipsis
457 1073 552 1138 modo
566 1073 748 1139 caerulerun
760 1073 937 1150 videbatur,
955 1095 1049 1140 mane
1066 1094 1189 1150 ravum,
1205 1073 1304 1157 quod·

281 1189 344 1253 que
356 1190 453 1247 nunc,
467 1190 532 1253 qua
548 1191 568 1233 a
582 1169 648 1234 sole
666 1168 820 1245 conlucet,
834 1167 966 1233 albescit
977 1178 1009 1233 et
1023 1168 1137 1246 vibrat,
1153 1167 1302 1234 dissimile

281 1264 496 1348 estproximo
519 1275 551 1330 et
568 1262 754 1340 continenti3
781 1274 831 1342 ut,
858 1264 954 1328 etiam
976 1263 1004 1330 si
1025 1263 1128 1351 possis
1149 1263 1303 1329 rationem

281 1358 424 1438 reddere,
443 1382 500 1425 cur
516 1359 550 1424 id
568 1358 703 1437 eveniat,
720 1369 827 1423 tamen
843 1379 908 1422 non
925 1359 1028 1445 possis
1045 1358 1079 1424 id
1095 1380 1208 1423 verum
1226 1380 1302 1434 esse,

197 1453 199 1458 ’
231 1478 269 1520 roo
282 1454 369 1538 quod
387 1448 555 1520 videbatur
573 1454 682 1532 oculis,
700 1452 881 1519 defendere.
903 1452 989 1518 unde
1001 1453 1164 1531 memoria,
1182 1453 1210 1517 si
1228 1453 1303 1518 nihil

281 1547 493 1636 percipimus?
520 1549 565 1614 sic
583 1548 668 1614 enim
686 1547 870 1633 quaerebas.
913 1546 1011 1632 quid?
1037 1546 1220 1614 meminisse
1236 1547 1302 1612 visa

281 1642 343 1706 nisi
365 1643 583 1728 conprehensa
603 1665 668 1708 uon
685 1642 874 1729 possumus?
889 1641 1001 1733 ‚quidl
1030 1642 1228 1728 Polyaenus,
1251 1641 1302 1726 qui

281 1758 417 1822 magnus
435 1736 677 1803 mathematicus
695 1736 794 1802 fuisse
809 1735 934 1815 dicitur,
951 1736 979 1801 is
996 1747 1107 1823 postea
1120 1757 1219 1824 quam
1228 1735 1303 1822 Epi-

281 1851 357 1896 curo
380 1831 558 1897 adsentiens
584 1841 685 1897 totam
705 1830 913 1918 geometriam
934 1830 1048 1896 falsam
1070 1854 1139 1897 esse
1162 1830 1302 1906 credidit,

281 1947 359 1989 num
376 1924 431 1990 illa
448 1925 559 2004 etiam,
583 1947 666 2010 quae
685 1925 815 2004 sciebat,
834 1924 951 1990 oblitus
969 1925 1036 1990 est?
1062 1926 1165 2012 atqui,
1187 1925 1301 1992 falsum

283 2019 369 2103 quod
387 2029 444 2098 est,
461 2018 496 2084 id
512 2020 633 2107 percipi
649 2041 716 2085 non
731 2030 851 2106 potest,
869 2030 905 2087 ut
921 2020 1079 2090 vobismet
1094 2020 1172 2107 ipsis
1189 2021 1301 2108 placet

282 2113 310 2178 si
329 2113 428 2200 igitur
450 2114 603 2180 memoria
628 2126 850 2202 perceptarum
878 2115 1231 2201 conprehensammque
1256 2137 1302 2180 re·

281 2231 354 2272 rum
371 2220 434 2288 est,
460 2209 582 2287 omnia,
610 2231 692 2294 quae
709 2210 844 2294 quisque
866 2209 1023 2288 meminit,
1051 2209 1148 2276 hahet
1169 2232 1210 2276 ea
1232 2231 1302 2276 oon-

281 2302 438 2389 prehensa
454 2314 550 2388 atque
572 2315 737 2392 percepta3
763 2303 836 2370 falsi
858 2315 965 2370 autem
988 2303 1203 2391 conprehendi
1228 2304 1302 2369 nihil

281 2408 400 2484 potest,
424 2409 456 2464 et
473 2398 580 2465 omnia
600 2399 743 2466 meminit
761 2397 875 2466 Sciron
891 2397 1024 2486 Epicuri
1041 2398 1207 2486 dogmata:
1230 2421 1302 2466 vera

281 2492 381 2579 igitur
403 2493 458 2558 illa
481 2505 557 2560 sunt
572 2516 659 2560 nunc
677 2492 791 2558 omnia.
836 2492 898 2559 hoc
914 2516 972 2579 per
987 2516 1040 2559 me
1057 2493 1145 2560 licet:
1173 2493 1231 2560 sed
1248 2493 1302 2557 tibi

283 2599 339 2654 aut
357 2588 595 2654 concedendum
613 2599 663 2654 est
678 2589 724 2654 ita
741 2612 820 2667 esse,
839 2589 926 2674 quod
946 2588 1076 2655 minime
1088 2589 1147 2668 vis,
1166 2599 1223 2654 aut
1239 2611 1302 2654 me-

282 2683 415 2748 moriam
439 2683 518 2748 mihi
538 2684 679 2750 remittas
702 2695 825 2770 oportet
846 2695 879 2750 et
899 2684 1020 2750 fateare
1042 2682 1164 2750 essaei
1188 2684 1301 2760 locum,

283 2778 379 2844 etiam
405 2779 433 2843 si
458 2777 684 2863 conprehensio
710 2781 934 2866 perceptioque
959 2779 1047 2845 nulla
1073 2778 1123 2844 sit.

234 2891 269 2934 ror
284 2869 372 2954 Quid
389 2872 444 2937 fiet
461 2872 600 2938 artibus?
616 2872 753 2958 quibus?
768 2873 858 2954 iisne,
877 2897 960 2960 quae
973 2875 1062 2962 ipsae
1075 2874 1217 2940 fatentur
1230 2897 1300 2939 con-

282 2967 403 3032 iectura
420 2989 454 3032 se
471 2967 544 3053 plus
561 2967 609 3032 uti
626 2990 723 3053 quam
736 2969 875 3048 scientia,
894 2993 936 3035 an
951 2969 1000 3048 iis,
1019 2991 1102 3054 quae
1118 2979 1243 3034 tantum
1259 2967 1299 3044 id,

283 3059 370 3144 quod
379 3060 514 3139 videtur,
537 3073 712 3146 sequuntur
726 3085 785 3129 nec
802 3064 921 3130 habent
933 3065 1028 3130 istam
1044 3073 1144 3128 artem
1155 3073 1298 3139 vestram,

283 3175 348 3238 qna
364 3176 442 3220 vera
459 3167 492 3220 et
507 3153 590 3221 falsa
607 3155 798 3222 diiudicent?
927 3157 995 3226 Sed
1015 3157 1071 3226 illa
1093 3166 1167 3224 sunt
1182 3156 1300 3222 lumina

284 3248 357 3325 duo,
376 3268 458 3333 quae
471 3250 609 3316 maxime
623 3271 753 3317 causam
766 3251 861 3319 istam
875 3253 1050 3319 continent:
1068 3252 1207 3338 primum
1221 3251 1301 3318 enim

283 3343 406 3432 negatis
423 3344 492 3411 fieri
508 3365 603 3432 posse
625 3356 661 3411 ut
678 3347 847 3432 quisquam
863 3347 943 3414 nulli
959 3346 1007 3414 rei
1023 3346 1229 3414 adsentiatur.
1272 3355 1301 3410 at

281 3438 316 3503 id
346 3437 476 3523 quidem
506 3438 709 3526 perspicuum
740 3452 802 3507 est:
838 3464 911 3508 cum
936 3442 1125 3520 Panaetius,
1156 3440 1300 3529 princeps

282 3554 383 3620 prope
399 3555 471 3599 meo
489 3533 618 3619 quidem
639 3532 756 3600 iudicio
775 3532 971 3614 Stoicorum,
993 3535 1140 3602 eadere
1159 3535 1301 3602 dubitare

283 3649 318 3693 se
344 3626 444 3705 dicat,
470 3650 567 3713 quam
588 3649 698 3694 omnes
723 3640 848 3714 praeter
873 3653 947 3696 eum
970 3629 1071 3696 Stoici
1096 3629 1302 3696 certissimam

283 3731 406 3810 putant,
423 3745 499 3788 vera
516 3745 586 3790 esse
603 3723 807 3810 haruspicum
822 3747 978 3812 responso,
996 3725 1148 3812 auspicia,
1166 3725 1302 3800 oracula,

284 3816 421 3896 somnia,
438 3817 688 3897 vaticinationes,
707 3839 804 3903 seque
821 3818 863 3884 ab
881 3819 1018 3886 adsensu
1036 3820 1201 3897 sustineat,
1218 3818 1302 3904 quod

283 3910 311 3976 is
328 3920 433 3996 potest
450 3911 556 3978 facere
573 3914 625 3978 vel
643 3912 682 3978 de
699 3912 737 3977 iis
754 3912 866 3991 rebus,
884 3936 963 3999 quas
981 3915 1040 3992 illi,
1064 3937 1084 3980 a
1101 3911 1218 3998 quibus
1234 3913 1301 4000 ipse

285 4004 404 4083 didicit,
422 4016 522 4072 certas
539 4005 729 4086 habuerunt,
747 4027 804 4072 cnr
819 4007 855 4073 id
866 4008 993 4094 sapiens
1007 4008 1047 4075 de
1064 4007 1195 4092 reliquis
1207 4007 1300 4072 rebus

285 4096 389 4164 facere
406 4121 471 4164 non
487 4099 606 4186 possit?
628 4125 669 4165 an
687 4111 734 4166 est
757 4100 892 4186 aliquid,
915 4103 1002 4188 quod
1023 4104 1162 4190 positum
1179 4101 1232 4170 vel
1255 4101 1301 4168 in·
