2688 4730
245 305 286 371 10
548 319 588 375 Μ.
606 319 743 378 TULLII
760 319 960 380 CICERONIS

207 461 224 516 5
242 443 490 532 expetendarum
510 443 799 530 fugiendarumque
820 445 957 531 partitio.
1101 441 1168 510 Sed
1184 442 1267 530 quid

241 539 337 627 agol'
353 539 457 624 inquit
475 546 545 604 ‘aut
561 561 674 607 sumne
691 563 799 620 sanus,
817 540 872 625 qui
889 539 969 605 haec
982 560 1038 604 vos
1053 540 1171 604 doceo?
1188 563 1267 604 nam

242 636 301 702 etsi
317 657 382 700 non
399 657 453 702 sus
471 633 666 714 Minervam,
689 646 726 701 ut
743 635 847 714 aiunt,
869 645 977 702 tamen
993 635 1100 721 inepte
1119 635 1267 719 quisquis

240 729 422 796 Minervam
444 729 557 796 doeet'
600 741 670 796 tum
686 731 815 798 Atticus
839 737 889 804 ‘tu
906 729 996 796 vero'
1019 729 1123 814 inquit
1141 735 1267 815 ‘perga

241 823 361 902 Varr03
378 825 471 891 valde
490 825 574 891 enim
591 846 663 890 amo
680 836 789 892 nostra
806 835 902 912 atque
918 835 1053 905 nostros,
1071 846 1186 908 meque
1203 823 1269 886 ista

242 919 409 999 delectant,
428 943 502 985 cnm
518 919 635 987 Latine
654 921 803 988 dicuntur
820 932 852 988 et
869 922 931 987 isto
948 920 1063 986 modo.'
1087 919 1181 1004 ‘quid
1197 917 1267 982 me'

240 1015 372 1099 inquam
389 1022 512 1102 ‘putas,
536 1017 592 1103 qui
613 1017 846 1104 philosophiam
861 1018 927 1082 iam
944 1017 1106 1104 professus
1130 1015 1191 1080 sim
1206 1035 1269 1101 po·

240 1109 316 1196 pulo
333 1121 441 1176 nostro
464 1134 516 1176 me
538 1111 785 1178 exhibituruml'
808 1119 994 1199 ‘pergamus
1017 1109 1135 1197 igitur,'
1161 1108 1267 1193 inquit

203 1229 227 1267 rs
242 1205 408 1289 ‘quoniam
427 1205 543 1292 placet.
672 1207 749 1273 Fuit
767 1229 843 1295 ergo
860 1209 926 1273 iam
943 1219 1074 1294 accepta
1092 1231 1111 1270 a
1128 1205 1266 1271 Platone

241 1300 487 1387 philosophandi
499 1302 581 1367 ratio
594 1303 723 1390 triplex:
742 1326 807 1368 una
823 1303 863 1368 de
876 1303 942 1368 vita
955 1313 987 1369 et
999 1302 1150 1379 moribus,
1165 1300 1267 1365 altera

242 1396 414 1461 denatura
431 1397 575 1464 etrebus
594 1399 740 1475 occultis,
758 1398 850 1464 tertia
868 1399 908 1464 de
927 1397 1108 1463 disserendo
1127 1406 1168 1474 et,
1186 1395 1267 1480 quid

241 1513 352 1555 verum
374 1491 452 1576 quid
468 1491 599 1570 falsum,
622 1493 700 1578 quid
720 1503 844 1558 rectum
860 1493 895 1557 in
916 1493 1056 1558 oratione
1077 1513 1265 1578 pravumve,

241 1585 318 1670 quid
336 1607 532 1670 consequens
551 1588 628 1672 quid
645 1611 840 1674 repugnans,
857 1588 1038 1653 iudicando.
1070 1611 1108 1652 ac
1125 1587 1266 1673 primum

240 1681 327 1746 illam
347 1693 473 1767 partem
493 1682 575 1748 bene
597 1682 726 1748 vivendi
744 1707 763 1747 a
783 1693 898 1748 natura
918 1683 1070 1768 petebant
1091 1683 1183 1766 eique
1206 1704 1266 1767 pa-

240 1777 374 1842 rendum
392 1801 461 1843 esse
475 1773 633 1855 dicebant,
651 1799 756 1862 neque
770 1778 835 1842 ulla
850 1778 911 1842 alia
928 1777 962 1842 in
978 1801 1012 1843 re
1027 1777 1087 1842 nisi
1103 1778 1137 1841 in
1150 1787 1266 1841 natura

241 1872 459 1955 quaerendum
472 1894 542 1938 esse
554 1872 634 1936 illud
647 1894 806 1937 summum
819 1871 950 1949 bonum,
969 1893 1032 1957 quo
1046 1872 1153 1936 omnia
1165 1870 1265 1935 refer-

240 1976 363 2044 rentur3
386 1967 682 2051 constituebantque
700 1977 877 2032 extremum
894 1989 963 2031 esse
984 1989 1091 2032 rerum
1114 1976 1266 2051 expeten-

241 2061 354 2126 darum
372 2074 404 2128 et
424 2061 521 2127 finem
537 2062 708 2140 bonorum,
730 2062 881 2147 adeptum
903 2085 972 2127 esse
990 2061 1096 2127 omnia
1114 2085 1133 2124 a
1150 2070 1265 2125 natura

241 2167 272 2221 et
289 2155 394 2221 animo
412 2167 445 2221 et
462 2177 593 2242 corpore
607 2167 638 2221 et
651 2157 726 2222 vita.
750 2156 890 2243 corporis
904 2167 1012 2221 autem
1024 2157 1086 2222 alia
1102 2155 1265 2242 ponebant

241 2274 310 2316 esse
327 2250 361 2314 in
378 2261 454 2330 tote,
473 2251 535 2316 alia
551 2251 585 2314 in
602 2252 760 2337 partibus:
779 2251 1002 2328 valetudinem,
1020 2250 1106 2328 viris,
1124 2250 1265 2337 pulchri-

241 2347 383 2413 tudinem
408 2346 442 2410 in
468 2356 550 2425 toto,
575 2346 610 2410 in
634 2347 778 2432 partibus
805 2358 911 2412 autem
932 2369 1042 2413 sensus
1068 2347 1209 2431 integros
1231 2356 1265 2410 et

241 2441 466 2527 praestantiam
483 2441 623 2527 aliquam
640 2442 778 2528 partium
796 2442 1006 2528 singularum,
1025 2451 1061 2504 ut
1077 2441 1111 2505 in
1127 2440 1263 2527 pedibus

242 2535 443 2614 celeritatem,
461 2535 527 2610 vim
538 2537 573 2602 in
586 2537 744 2615 manibus,
762 2537 938 2602 claritatem
949 2535 984 2599 in
997 2557 1085 2612 voce,
1103 2534 1138 2598 in
1153 2535 1264 2620 lingua

204 2647 229 2686 20
244 2630 339 2696 etiam
365 2631 567 2717 explanatam
591 2653 708 2697 vocum
736 2631 989 2717 impressionem3
1022 2628 1119 2694 animi
1146 2639 1263 2707 autem,

241 2747 322 2810 quae
340 2736 447 2792 essent
464 2725 505 2790 ad
518 2726 837 2812 conprehendendum
851 2725 1000 2791 virtutem
1015 2724 1144 2801 idonea3
1163 2744 1263 2808 eaque

240 2820 281 2885 ab
306 2820 346 2884 iis
371 2820 404 2884 in
429 2831 577 2885 naturam
603 2831 636 2885 et
661 2823 695 2885 in
719 2842 825 2886 mores
852 2819 1084 2885 dividebantur.
1131 2827 1264 2883 naturae

241 2913 433 2980 celeritatem
453 2915 494 2980 ad
516 2914 702 2980 discendum
719 2924 751 2981 et
768 2914 953 2980 memoriam
970 2913 1105 2992 dabant,
1128 2934 1264 2998 quorum

240 3018 410 3094 utrumque
431 3008 546 3075 mentis
570 3020 653 3076 esset
669 3009 835 3096 proprium
852 3019 883 3074 et
904 3009 1040 3096 ingenii;
1060 3028 1185 3073 morum
1207 3030 1264 3073 au-

240 3113 305 3169 tem
321 3104 478 3190 putabant
500 3104 606 3170 studia
623 3129 692 3171 esse
710 3116 742 3171 et
758 3105 851 3190 quasi
868 3104 1143 3183 consuetudinem,
1166 3125 1264 3187 quam

239 3293 407 3378 inquibus
425 3304 493 3360 erat
514 3294 714 3380 philosophia
736 3295 820 3381 ipsa:
842 3295 876 3358 in
894 3315 958 3379 qua
976 3294 1062 3378 quod
1079 3293 1262 3358 inchoatum

241 3398 289 3454 est
310 3409 415 3473 neque
441 3389 567 3454 absolut
554 3398 637 3468 tum,
662 3389 842 3475 progressio
868 3390 1024 3472 quaedam
1050 3389 1092 3453 ad
1114 3388 1264 3452 virtutem

241 3483 430 3568 appellatur,
460 3483 546 3569 quod
567 3493 674 3549 autem
691 3484 817 3549 absolut
804 3493 887 3561 tum,
914 3484 1031 3560 virtus,
1056 3482 1155 3547 idt
1107 3492 1155 3547 est
1163 3482 1263 3591 'quasi

239 3576 392 3661 perfectio
408 3588 465 3643 nat
465 3601 541 3644 urae
559 3578 764 3664 omniumque
785 3601 906 3656 rerum,
929 3577 1058 3662 quasin
1076 3576 1188 3642 animis
1205 3598 1263 3662 po-

202 3687 226 3725 21
239 3681 329 3750 nunt,
346 3696 413 3738 una
428 3695 479 3738 res
497 3673 626 3760 optima.
650 3695 726 3760 ergo
743 3673 824 3739 haec
842 3673 1034 3738 animorum:
1052 3671 1137 3737 vitae
1156 3681 1262 3738 autem

238 3801 283 3814 -
297 3767 332 3844 id
349 3768 434 3833 enim
451 3779 519 3834 erat
536 3769 664 3835 tertium
680 3805 724 3817 -
741 3769 890 3836 adiuncta
907 3791 976 3834 esse
994 3767 1156 3848 dicebant,
1180 3788 1261 3850 quae

240 3861 282 3926 ad
299 3861 424 3928 virtutis
432 3887 527 3930 usum
544 3864 685 3931 valerent
689 3887 700 3943 ;
717 3887 793 3929 nam
805 3863 905 3930 virtus
918 3863 952 3926 in
966 3862 1063 3927 animi
1078 3862 1170 3927 bonis
1184 3871 1216 3926 et
1228 3862 1261 3926 in

240 3955 379 4044 corporis
397 3958 536 4024 cernitur
550 3968 582 4024 et
597 3959 632 4024 in
649 3957 851 4042 quibusdam,
868 3978 952 4043 quae
965 3979 1030 4022 non
1047 3967 1114 4021 tam
1129 3965 1261 4022 naturae

240 4071 337 4134 quam
349 4052 462 4118 beatae
476 4052 560 4118 vitae
574 4053 723 4119 adiuncta
736 4063 824 4130 sunt;
841 4052 1003 4118 hominem
1017 4051 1101 4117 enim
1110 4073 1178 4115 esse
1188 4072 1261 4115 cen·

240 4144 353 4212 sebant
365 4147 456 4233 quasi
468 4157 592 4235 partem
606 4147 766 4233 quandam
780 4146 916 4213 civiutis
929 4157 962 4214 et
978 4146 1119 4214 universi
1135 4145 1259 4232 generis
