2688 4730
305 307 348 374 40
612 315 650 372 Μ.
669 315 805 374 TULLII
823 314 1022 373 CICERONIS

200 490 205 503 ι
303 447 377 513 dem
401 441 567 509 videmus?
596 441 675 506 nihil
702 451 749 506 est
771 441 869 516 enim,
896 441 982 525 quod
1009 441 1049 506 de
1073 463 1131 517 suo
1153 443 1307 528 genereir

303 539 390 606 aliud
407 559 509 625 genus
532 535 696 601 transferri
718 535 827 621 possit.
872 546 905 600 at
922 535 950 600 si
968 535 1160 615 efficeretur,
1187 549 1225 602 ut
1245 539 1321 604 inei,

303 636 373 700 visa
394 631 608 698 differentium
630 652 784 716 generum
805 629 884 694 nihil
905 630 1084 708 interesset,
1113 632 1308 716 reperirentur

303 751 385 816 quae
403 728 485 794 etin
502 749 561 792 suo
578 748 695 812 genere
713 737 819 792 essent
836 726 918 791 etin
936 725 1049 790 alieno.
1081 727 1167 810 quod
1184 727 1253 792 fieri
1269 729 1307 811 qui

256 823 427 912 ⁵1potest?
457 822 600 887 omnium
626 820 742 886 deinde
763 820 907 884 inanium
929 821 1070 886 visorum
1095 845 1161 888 una
1182 822 1308 908 depulsio

304 930 366 998 est,
392 919 460 984 sive
480 918 537 983 illa
557 916 748 1003 cogitatione
769 915 993 992 informantur,
1020 917 1106 1002 quod
1133 917 1202 983 fieri
1225 919 1308 983 solere

305 1014 517 1090 concedimus,
536 1013 603 1079 sive
620 1013 655 1078 in
672 1013 779 1096 quiete
797 1011 865 1078 sive
882 1034 939 1097 per
956 1012 1066 1077 vinum
1084 1013 1150 1078 sive
1168 1036 1226 1099 per
1242 1015 1309 1078 insa-

302 1110 404 1187 niam3
425 1131 501 1174 nam
523 1107 565 1172 ab
588 1106 736 1173 omnibus
753 1106 896 1173 eiusdem
917 1107 1004 1172 modi
1021 1107 1097 1172 visis
1119 1109 1309 1194 perspicuita-

303 1215 382 1282 tem,
409 1225 506 1288 quam
528 1202 688 1268 mordicus
712 1213 819 1270 tenere
843 1201 1009 1277 debemus,
1036 1201 1147 1268 abesse
1174 1203 1308 1268 dicemus.

304 1298 376 1384 quis
394 1299 489 1374 enim,
508 1319 581 1362 cum
599 1296 659 1362 sibi
676 1296 769 1382 fingit
786 1295 906 1378 aliquid
920 1307 950 1360 et
964 1295 1154 1382 cogitatione
1172 1297 1309 1384 depingit,

303 1414 383 1470 non,
410 1391 505 1458 simul
527 1414 565 1457 ao
581 1414 616 1457 se
638 1391 706 1476 ipse
724 1389 895 1456 commovit
917 1401 1013 1474 atque
1035 1391 1077 1455 ad
1099 1414 1133 1457 se
1154 1391 1323 1466 revocavitf

305 1488 400 1554 sentit
414 1486 491 1571 quid
507 1485 630 1551 intersit
642 1485 725 1550 inter
742 1484 910 1570 perspicua
924 1495 956 1550 et
972 1485 1098 1550 inania?
1121 1485 1233 1552 eadem
1247 1487 1309 1551 ratio

304 1593 353 1649 est
369 1581 574 1650 somniorum.
600 1603 678 1644 num
696 1602 806 1646 censes
823 1579 975 1658 Ennium,
994 1601 1067 1645 oum
1084 1581 1118 1646 in
1135 1580 1235 1648 hortis
1253 1605 1309 1647 cun

306 1675 419 1744 Servio
437 1674 558 1752 Galba,
576 1675 680 1740 vicino
698 1697 772 1751 suo,
798 1675 1041 1753 ambulavisset,
1064 1676 1195 1742 dixisse:
1225 1678 1310 1741 ‘visus

304 1795 376 1837 sum
392 1771 471 1836 mihi
488 1792 561 1836 oum
580 1767 687 1836 Galba
704 1769 900 1835 ambulare'?
922 1780 969 1847 at,
988 1791 1061 1835 cum
1078 1771 1260 1850 somniavit,
1277 1773 1311 1836 ita

265 1895 271 1907 ·
304 1867 460 1933 narravit:

500 2007 509 2024 .
528 2007 537 2024 .
555 2008 564 2025 .
583 2007 592 2024 .
610 1958 697 2024 visus
716 1961 877 2026 Homerus
895 1959 1007 2025 adesse
1023 1964 1128 2044 poeta.

303 2056 454 2140 idemque
471 2054 506 2118 in
523 2053 732 2140 Epicharmo:

393 2172 469 2216 nam
485 2148 619 2216 videbar
635 2149 792 2215 somniare
809 2148 884 2215 med
901 2169 962 2235 ego
980 2171 1050 2215 esse
1068 2159 1241 2214 mortuum.
1324 2171 1325 2192 ι

304 2245 423 2331 itaque,
442 2244 536 2310 simul
553 2253 590 2310 ut
607 2244 782 2331 experrecti
798 2265 919 2322 sumus,
937 2244 1007 2310 visa
1023 2244 1078 2309 illa
1095 2245 1314 2312 contemnimus

253 2341 288 2396 17
305 2361 409 2424 neque
425 2339 471 2405 ita
488 2339 657 2417 habemus,
681 2350 717 2405 ut
734 2363 787 2416 ea,
810 2361 892 2424 quae
914 2339 949 2403 in
971 2339 1041 2404 foro
1063 2339 1230 2426 gessimus.
1279 2345 1315 2402 ‘at

256 2411 283 2454 ⁶²
305 2435 390 2500 enim
407 2434 485 2499 dum
501 2435 659 2511 videntur,
677 2433 789 2499 eadem
807 2433 906 2500 estin
924 2433 1042 2499 somnis
1060 2434 1182 2518 species
1200 2456 1315 2499 eorum·

308 2551 374 2616 que,
395 2550 478 2613 quae
496 2527 664 2614 vigilantes
686 2527 852 2595 videmus?
896 2529 1035 2614 primum
1051 2528 1200 2607 interest,
1219 2528 1276 2594 sed
1290 2527 1316 2592 id

305 2623 502 2689 omittamus:
528 2622 609 2687 illud
631 2622 715 2687 enim
741 2622 891 2700 dicimus,
918 2644 983 2687 non
1009 2623 1143 2689 eandem
1166 2645 1234 2688 esse
1261 2623 1316 2686 vin

303 2740 408 2803 neque
425 2715 640 2803 integritatem
654 2715 876 2782 dormientium
889 2727 921 2782 et
935 2717 1135 2803 vigilantium
1147 2739 1206 2783 nec
1219 2729 1315 2782 mento

304 2834 364 2879 nee
390 2833 496 2877 sensu.
544 2831 585 2875 ne
611 2809 765 2877 vinulenti
792 2812 922 2897 quidem
948 2833 1030 2896 quae
1051 2812 1187 2890 faciunt,
1213 2813 1317 2878 eaden

305 2904 533 2992 adprobatione
551 2903 672 2970 faciunt
689 2927 754 2990 qua
771 2907 884 2971 sobrii:
907 2907 1069 2985 dubitent,
1087 2906 1259 2984 haesitant,
1277 2930 1317 2971 re·

304 3010 420 3066 vocant
437 3021 472 3065 se
489 2997 649 3064 interdum
666 3000 778 3085 iisque,
796 3021 879 3084 quae
897 3000 1056 3079 videntur,
1073 3001 1250 3066 inbecillius
1270 3003 1318 3066 ad·

304 3094 496 3172 sentiuntur3
523 3114 659 3176 cumque
686 3094 933 3171 edormivenmt,
960 3096 1015 3160 illa
1035 3095 1104 3161 visa
1126 3117 1222 3179 quam
1243 3097 1317 3162 levia

304 3189 422 3256 fuerint
443 3188 641 3275 intellegunt
683 3189 770 3272 quod
791 3189 877 3256 idem
899 3190 1053 3276 contingit
1074 3189 1273 3268 insaniant
1295 3205 1318 3254 et

304 3283 489 3370 incipientes
506 3284 613 3350 furere
630 3283 767 3350 sentiant
780 3294 812 3350 et
825 3285 932 3350 dicant
945 3285 1075 3369 aliquid,
1093 3285 1180 3369 quod
1197 3308 1262 3350 non
1276 3287 1319 3360 sit,

303 3378 339 3444 id
355 3378 456 3445 videri
473 3378 543 3456 sibi,
561 3388 608 3456 et,
626 3400 699 3444 oum
716 3380 913 3458 relaxentur,
937 3380 1074 3446 sentiant
1092 3391 1188 3464 atque
1205 3381 1261 3446 illa
1280 3381 1321 3446 di·

305 3484 378 3539 cant
395 3473 616 3540 Alcmaeoniae

320 3567 514 3635 sedmihine
529 3567 674 3653 utiquam
682 3590 737 3636 cor
745 3569 901 3636 consentit
910 3591 983 3637 cum
992 3570 1157 3637 oculorum
1166 3585 1309 3657 aspectu.

256 3680 283 3723 so
305 3667 354 3728 ‘at
375 3663 460 3728 enim
480 3662 550 3749 ipse
567 3662 693 3748 sapiens
710 3664 844 3730 sustinet
861 3687 896 3730 se
914 3665 949 3732 in
965 3665 1088 3744 furore,
1110 3687 1152 3731 ne
1170 3666 1321 3752 adprobet

303 3756 386 3824 falsa
402 3779 460 3843 pro
478 3757 580 3824 veris!
624 3768 657 3825 et
673 3758 751 3824 alias
773 3758 902 3843 quidem
920 3783 1029 3846 saepe,
1052 3760 1080 3826 si
1097 3772 1153 3827 aut
1174 3761 1208 3828 in
1225 3761 1325 3828 senai-

303 3853 366 3921 bus
386 3852 486 3941 ipsius
503 3864 552 3919 est
574 3853 681 3938 aliqua
697 3854 779 3920 forte
796 3858 936 3942 gravitas
954 3868 1010 3923 aut
1027 3858 1172 3938 tarditas,
1195 3871 1251 3924 aut
1268 3859 1324 3923 ob·

303 3947 445 4016 scuriora
462 3957 537 4014 sunt
554 3970 636 4033 quae
653 3948 811 4027 videntur,
830 3961 886 4015 aut
903 3974 922 4016 a
939 3951 1159 4038 perspiciendo
1172 3953 1325 4038 temporis

304 4043 460 4110 brevitate
482 4044 669 4109 excluditur.
714 4067 907 4130 quamquam
930 4057 1033 4112 totum
1051 4047 1126 4126 hoe,
1149 4049 1326 4134 sapientem

305 4137 476 4221 aliquando
493 4137 647 4204 sustinere
664 4139 894 4219 adsensionem,
913 4153 1022 4210 contra
1039 4155 1175 4210 vosiest:
1193 4143 1221 4210 si
1239 4144 1326 4210 euim
