2688 4730
266 303 309 368 32
423 309 436 358 ἦ
567 318 606 373 M.
625 313 762 376 TULLII
780 315 980 374 CICERONIS

262 441 353 520 lenti,
370 463 446 508 cum
463 442 598 520 diceret,
616 443 661 520 ei,
679 441 735 528 qui
753 441 935 508 adfirmaret
950 439 1029 506 nihil
1046 463 1141 528 posse
1157 441 1294 529 percipi,

262 559 364 604 unum
378 548 485 604 tamen
500 538 580 603 illud
589 537 693 604 dicere
705 537 827 624 percipi
843 558 937 624 posse
947 548 1194 604 consentaneum
1207 559 1293 615 esse,

263 645 300 699 ut
322 633 384 698 alia
405 654 470 698 non
491 643 636 719 possent,
660 629 844 700 Carneades
864 631 988 697 mutius
1010 632 1191 710 resistebat:
1214 655 1294 698 nam

263 739 388 795 tantum
406 729 518 795 abesse
536 729 671 806 dicebat,
690 739 726 793 ut
741 728 776 792 id
794 724 1043 794 consentaneum
1056 739 1150 807 esset,
1167 739 1203 793 ut
1221 751 1294 793 ma·

264 824 350 890 xime
368 825 464 890 etiam
481 834 684 910 repugnaret.
707 823 763 907 qui
780 823 866 888 enim
882 834 1016 908 negaret
1033 823 1204 908 quicquam
1219 845 1292 889 esse

264 919 352 1004 quod
373 919 602 1005 perciperetur,
625 941 701 984 eum
717 918 797 982 nihil
819 917 979 1002 excipere:
1003 917 1049 984 ita
1070 939 1198 984 neeesse
1219 941 1292 985 esse

263 1037 304 1081 ne
320 1015 354 1080 id
370 1014 478 1100 ipsum
495 1013 640 1098 quidem,
665 1014 753 1098 quod
770 1024 940 1100 exceptum
956 1034 1021 1078 non
1039 1024 1137 1092 esset,
1155 1035 1293 1100 conpre-

218 1127 243 1170 ιι
266 1109 363 1176 hendi
380 1121 414 1175 et
433 1108 555 1195 percipi
576 1109 642 1174 ullo
659 1109 755 1174 modo
777 1130 881 1194 posse.
925 1108 1106 1174 Antiochus
1127 1103 1292 1174 ao'istum

263 1205 368 1270 locum
385 1204 525 1290 pressius
543 1203 711 1269 videbatur
728 1203 893 1268 accedere:
911 1203 1062 1288 quoniam
1077 1203 1162 1268 enim
1178 1203 1216 1268 id
1234 1203 1293 1268 ha·

263 1300 375 1366 berent
388 1299 575 1367 Academici
593 1299 757 1366 decretum
773 1335 818 1348 -
835 1298 956 1365 sentitis
973 1299 1057 1364 enirn
1075 1299 1140 1364 iam
1156 1298 1220 1364 hoc
1239 1321 1291 1366 me

263 1395 370 1481 δόγμα
385 1394 490 1460 dicere
498 1431 551 1472 -,
569 1393 647 1459 nihil
659 1416 754 1479 posse
769 1393 899 1480 percipi,
912 1415 977 1459 non
986 1394 1102 1460 debere
1116 1415 1170 1459 eos
1184 1393 1222 1458 in
1232 1416 1291 1461 suo

262 1491 400 1569 decreto,
417 1490 501 1555 sicut
517 1489 551 1555 in
569 1488 681 1555 ceteris
698 1488 809 1566 rebus,
832 1489 993 1566 fluctuari,
1010 1489 1195 1575 praesertim
1216 1506 1297 1554 cum·

262 1585 296 1650 in
313 1607 351 1651 eo
370 1608 494 1650 summa
512 1585 710 1663 consisteret:
729 1583 811 1648 hanc
833 1584 918 1649 enim
936 1606 1005 1650 esse
1027 1585 1173 1670 regulam
1189 1585 1291 1649 totius

261 1679 494 1766 philosophiae,
513 1679 768 1746 constitutionem
785 1679 853 1744 veri
869 1678 957 1757 falsi,
980 1680 1100 1765 cogniti
1118 1678 1290 1766 incogniti:

263 1797 360 1859 quam
381 1774 536 1840 rationem
559 1775 710 1859 quoniam
738 1773 933 1860 susciperent
956 1774 1132 1858 docereque
1157 1775 1290 1852 vellent,

263 1892 346 1954 quae
369 1869 439 1935 visa
461 1869 563 1956 accipi
585 1878 763 1956 oporteret,
816 1890 900 1953 quae
922 1869 1098 1954 repudiari,
1119 1879 1205 1935 certe
1229 1869 1291 1936 hoc

261 1964 382 2052 ipsum,
406 1988 447 2031 ex
464 1986 527 2049 quo
546 1986 640 2030 omne
657 1963 725 2029 veri
741 1963 877 2048 falsique
894 1963 1047 2029 iudicium
1064 1974 1161 2042 esset,
1184 1966 1291 2050 perci-

262 2082 338 2147 pere
356 2083 411 2127 eos
428 2059 591 2126 debuisse:
610 2059 727 2125 etenim
745 2059 808 2124 duo
827 2081 896 2125 esse
914 2059 993 2125 haec
1009 2058 1149 2124 maxima
1165 2060 1201 2124 in
1218 2059 1291 2146 phi-

262 2155 416 2242 losophia,
433 2153 588 2221 iudicium
604 2154 672 2219 veri
689 2163 720 2218 et
737 2154 834 2219 finem
851 2154 1017 2232 bonorum,
1034 2175 1094 2220 neo
1111 2153 1291 2239 sapientem

262 2271 356 2335 posse
374 2272 459 2327 esse,
481 2248 538 2334 qui
559 2259 615 2313 ant
637 2246 848 2334 cognoscendi
869 2247 995 2312 initium
1011 2248 1137 2334 ignoret
1154 2259 1212 2313 aut
1233 2269 1291 2315 ex·

263 2354 399 2409 tremum
417 2342 597 2429 expetendi,
613 2353 651 2407 ιιι
665 2352 721 2407 aut
732 2342 818 2408 unde
834 2341 1052 2428 proficiscatur
1065 2354 1120 2407 aut
1133 2363 1197 2426 quo
1216 2365 1290 2430 per·

262 2438 454 2504 veniendum
472 2439 512 2503 sit
528 2437 663 2504 nesciat:
686 2437 766 2503 haec
788 2447 896 2502 autem
917 2436 1035 2502 habere
1057 2437 1155 2502 dubia
1171 2460 1233 2504 neo
1250 2439 1290 2502 iis

261 2534 307 2599 ita
324 2532 493 2610 confidere,
510 2544 547 2598 ιιι
563 2531 686 2598 moveri
702 2553 767 2596 non
784 2531 920 2617 possint,
938 2531 1107 2598 abhorrere
1125 2557 1146 2596 a
1162 2532 1292 2618 sapien·

261 2628 307 2693 tia
323 2627 506 2715 plurimum.
542 2626 604 2692 hoc
620 2625 719 2712 igitur
734 2627 829 2691 modo
843 2625 948 2711 potius
966 2637 1035 2691 erat
1051 2626 1092 2690 ab
1110 2626 1159 2691 his
1176 2639 1292 2712 postu-

260 2722 407 2800 landum,
434 2731 470 2786 ut
487 2721 548 2786 hoc
571 2741 672 2785 unum
689 2720 817 2797 saltem,
843 2719 962 2806 percipi
985 2719 1063 2784 nihil
1084 2742 1194 2805 posse,
1215 2743 1292 2807 per·

263 2828 390 2903 ceptum
407 2839 477 2882 esse
495 2816 646 2881 dicerent.
691 2815 747 2880 sed
764 2814 805 2879 de
821 2815 1033 2880 inconstantia
1049 2815 1145 2880 totius
1160 2816 1291 2881 illorum

262 2909 759 2988 sententiae,s1ullasententia
780 2909 970 2993 cuiusquam
991 2931 1061 2974 esse
1082 2920 1187 2995 potest
1209 2910 1290 2974 nihil

213 3005 246 3060 10
228 3005 482 3117 ⁰adprobantis,
504 3015 566 3083 est,
589 3014 627 3069 ut
643 3003 769 3090 opinor,
788 3003 908 3068 dictum
926 3003 1012 3068 satis.
1134 3002 1290 3087 Sequitur

214 3078 434 3186 ⁸⁰disputatio
457 3100 586 3186 copiosa
609 3098 665 3164 illa
686 3098 826 3184 quidem,
853 3098 910 3164 sed
934 3099 1030 3184 paulo
1053 3097 1229 3163 abstrusior
1246 3135 1292 3146 —

261 3195 359 3261 habet
375 3194 460 3262 enim
477 3194 673 3305 aliquantum
691 3217 711 3259 a
727 3192 868 3280 physicis
881 3229 935 3272 -,
952 3203 989 3258 ut
1002 3216 1113 3259 verear
1129 3215 1170 3258 ne
1187 3194 1292 3260 maio-

260 3313 329 3358 rem
346 3290 502 3378 largiar
475 3312 515 3368 er,
533 3290 588 3374 qui
603 3299 713 3354 contra
726 3289 867 3354 dictmus
876 3299 935 3366 est,
953 3287 1131 3353 libertatem
1144 3298 1177 3352 et
1189 3287 1292 3354 licen-

260 3386 348 3452 tiam.
367 3433 371 3440 -
391 3385 562 3469 namquid
584 3406 659 3450 eum
676 3383 837 3449 facturum
857 3395 967 3470 putem
990 3383 1030 3448 de
1053 3382 1168 3448 abditis
1189 3383 1290 3448 rebus

260 3493 294 3547 et
319 3480 477 3558 obscuris,
503 3478 559 3563 qui
588 3479 694 3545 lucem
719 3478 841 3565 eripere
867 3478 1018 3544 conetur?
1048 3478 1105 3543 sed
1131 3477 1291 3564 disputari

260 3586 385 3663 poterat
403 3573 574 3652 subtiliter,
598 3583 718 3657 quanto
735 3573 828 3658 quasi
844 3572 977 3638 artificio
994 3583 1109 3638 natura
1130 3571 1291 3637 fabricata

260 3679 345 3736 esset
369 3667 507 3755 primum
533 3667 651 3733 animal
675 3689 784 3744 omne,
810 3667 924 3734 deinde
950 3666 1111 3733 hominem
1137 3667 1290 3744 maxime,

261 3781 343 3850 qnae
360 3763 409 3828 vis
426 3773 510 3827 esset
526 3761 561 3827 in
578 3761 734 3840 sensibus,
752 3783 849 3846 quem
862 3761 1049 3826 admodum
1065 3760 1205 3846 primum
1218 3761 1293 3826 visa

260 3879 320 3924 nos
336 3856 503 3944 pellerent,
527 3857 641 3922 deinde
666 3856 817 3942 adpetitio
840 3856 882 3921 ab
903 3855 953 3921 his
975 3857 1069 3943 pulsa
1090 3866 1292 3940 sequeretur,

261 3964 330 4020 tum
347 3962 384 4017 ut
401 3974 514 4032 senens
531 3951 573 4016 ad
590 3975 641 4018 res
663 3949 882 4038 percipiendas
904 3951 1152 4017 intenderemus.
1196 3973 1291 4016 mens

262 4047 347 4112 enim
359 4047 438 4132 ipsa,
457 4068 541 4131 quae
555 4068 707 4112 sensuum
720 4045 792 4111 fons
807 4056 855 4111 est
867 4057 963 4130 atque
977 4046 1074 4112 etiam
1090 4047 1160 4132 ipsa
1173 4067 1290 4111 sensus

263 4152 325 4220 est,
348 4141 527 4207 naturalem
542 4139 608 4205 vim
624 4140 737 4218 hebet,
760 4161 857 4224 quam
877 4139 1013 4207 intendit
1029 4141 1071 4206 ad
1089 4143 1142 4220 e'a,
1167 4138 1290 4224 quibus
