2688 4730
222 289 223 292 ’
273 281 316 348 24
582 294 623 352 Μ.
640 295 777 354 TULLII
791 286 995 355 CICERONIS

274 419 385 486 aetatis
403 429 459 486 aut
472 418 617 486 obsecuti
633 420 736 486 amico
750 419 878 486 cuidam
891 431 946 488 aut
962 444 1027 487 una
1041 421 1185 500 alicuius,
1204 442 1303 506 quem

273 515 411 601 primum
429 515 613 594 audierimt,
632 515 774 581 oratione
792 517 877 603 capti
895 516 934 582 de
950 517 1047 582 rebus
1064 516 1233 603 incognitis
1253 516 1304 580 iu-

273 610 381 675 dicant
404 619 450 689 et,
478 610 520 676 ad
542 629 777 695 quamcumque
798 621 873 676 sunt
890 610 1089 698 disciplinam
1107 611 1199 696 quasi
1220 622 1303 676 tem·

272 713 395 791 pestate
413 704 520 783 delati,
539 705 669 771 adeam
686 715 850 790 tamquam
868 707 909 771 ad
926 729 1040 772 saxum
1058 707 1301 772 adhaerescunt

241 821 347 864 anam
373 800 459 884 quod
486 800 596 866 dicunt
622 801 729 866 omnia
756 824 790 867 se
813 801 942 867 credere
965 801 1010 879 ei,
1037 823 1134 886 quem
1157 800 1303 866 indicent

271 892 370 960 fuisse
388 895 579 980 sapientem,
596 896 780 982 probarem,
798 895 825 960 si
842 896 876 961 id
893 896 1000 982 ipsum
1016 895 1112 961 rudes
1130 905 1163 962 et
1178 894 1303 961 indocti

270 988 415 1055 iudicare
431 989 610 1075 potuissent
625 1025 670 1038 ·-
686 999 825 1056 statuere
842 990 937 1069 enim,
956 990 1012 1075 qui
1029 990 1070 1056 sit
1087 989 1229 1077 sapiens,
1250 988 1303 1054 vel

269 1083 411 1150 maxime
428 1083 555 1149 videtur
573 1106 643 1150 esse
661 1083 812 1171 sapientis
829 1119 886 1163 -‚
904 1085 976 1163 sed,
999 1095 1035 1151 ut
1046 1088 1218 1171 potuerint,
1243 1105 1304 1171 po-

269 1189 401 1245 tuemmt
418 1179 565 1245 omuibus
582 1179 678 1245 rebus
697 1179 824 1259 auditis,
842 1180 978 1266 cognitis
992 1179 1088 1248 etiam
1104 1179 1302 1265 reliquorum

271 1274 449 1352 sententiis,
475 1275 696 1342 iudicaverunt
718 1285 827 1341 autem
848 1297 884 1342 re
902 1275 1000 1342 semel
1018 1274 1128 1340 audita
1144 1287 1235 1360 utque
1261 1275 1302 1339 ad

270 1370 366 1436 unius
384 1393 419 1436 se
438 1369 658 1437 auctoritatem
675 1370 886 1437 contulertmt.
922 1371 979 1436 sed
995 1369 1103 1436 nesam
1121 1390 1184 1454 quo
1201 1370 1301 1435 modo

270 1466 414 1553 plerique
432 1487 538 1532 errare
554 1466 678 1531 malunt
692 1487 827 1550 eamque
842 1465 1040 1542 sententiam,
1057 1487 1155 1550 quam
1169 1465 1303 1530 adama-

270 1571 399 1638 verunt,
429 1559 666 1649 pugnacissime
693 1560 864 1626 defendere
889 1582 987 1645 quam
1014 1560 1082 1626 sine
1112 1560 1302 1648 pertinacia,

271 1655 350 1739 quid
367 1655 621 1723 constantissime
639 1655 772 1734 dicatur,
791 1656 966 1740 exquirere.

335 1747 463 1831 Quibus
481 1750 522 1816 de
543 1750 639 1816 rebus
658 1760 691 1816 et
713 1751 791 1815 alias
809 1773 904 1836 saepe
921 1749 1014 1816 uobis
1036 1751 1138 1815 multa
1154 1750 1303 1834 quaesita

270 1857 303 1912 et
320 1845 481 1932 disputata
498 1855 573 1911 sunt
591 1856 622 1912 et
640 1846 802 1931 quondam
817 1845 852 1910 in
861 1845 1027 1912 Hortensii
1044 1845 1131 1924 villa,
1148 1867 1232 1930 quae
1251 1857 1303 1910 est

270 1941 312 2005 ad
338 1941 476 2018 Baulos,
508 1962 582 2007 cum
611 1962 649 2006 eo
677 1938 812 2006 Catulus
844 1952 877 2007 et
902 1941 1059 2007 Lucullus
1089 1963 1214 2026 nosque
1237 1942 1304 2028 ipsi

269 2035 421 2122 postridie
453 2036 651 2102 venissemus
682 2059 779 2122 quam
810 2035 896 2124 apud
928 2034 1082 2103 Catulum
1111 2038 1288 2104 fuissemus
1293 2062 1302 2116 ;

183 2127 186 2134 ’
270 2152 334 2215 quo
353 2130 483 2216 quidem
500 2131 596 2197 ctiam
613 2132 768 2198 maturius
786 2132 942 2209 venimus,
960 2134 1129 2216 quoderat
1146 2134 1304 2200 constitu·

269 2235 353 2304 tum,
380 2226 407 2291 si
424 2237 539 2292 ventus
557 2237 655 2304 esset,
677 2225 843 2293 Lucullo
832 2251 868 2292 m
884 2226 1146 2314 Neapolitanum,
1169 2227 1278 2293 mihi
1266 2253 1302 2294 m

268 2319 503 2406 Pompeianum
519 2320 682 2409 navigare
714 2344 788 2388 cum
804 2320 903 2410 igitur
919 2345 1023 2409 pauca
1039 2323 1073 2389 in
1090 2334 1183 2410 xysto
1200 2323 1303 2389 locuti

232 2407 258 2521 ²4
270 2437 428 2492 essemus
446 2426 516 2481 tum
533 2416 673 2484 eodem
662 2440 697 2482 ιιι
714 2417 817 2503 spatio
835 2417 1046 2484 consedimus.
1090 2417 1142 2483 hic
1161 2415 1302 2484 Catulus

271 2509 346 2576 ‘etsi
362 2509 444 2576 heri'
462 2511 567 2595 inquit
584 2511 634 2576 ‘id
651 2512 737 2596 quod
755 2512 968 2596 quaerebatur
985 2534 1087 2598 paene
1104 2513 1303 2599 explicatum

270 2615 332 2684 est,
358 2616 396 2670 ut
419 2615 487 2671 tota
508 2604 576 2671 iere
598 2607 742 2690 quaestio
764 2617 899 2672 tractata
921 2607 1082 2685 videatur,
1108 2618 1216 2673 tamen
1244 2630 1304 2672 ex-

270 2711 378 2788 specto
402 2724 456 2778 ea,
483 2722 566 2785 quae
588 2712 620 2767 te
641 2701 800 2788 pollicitus
818 2725 868 2780 es,
895 2701 1049 2781 Luculle,
1076 2701 1118 2767 ab
1135 2701 1302 2767 Antiocho

269 2795 378 2862 audita
395 2795 575 2861 dicturum?
604 2796 781 2880 ‘equidem‘
799 2797 903 2881 inquit
919 2795 1111 2862 Hortensius
1130 2797 1208 2862 ‘feci
1225 2798 1303 2883 plus

268 2912 366 2975 quam
383 2890 512 2968 vellem3
535 2901 635 2956 totam
659 2891 743 2956 enim
765 2913 833 2957 rem
851 2891 989 2957 Lucullo
1010 2890 1168 2978 integram
1191 2893 1304 2958 serva-

269 2996 335 3051 tam
353 2985 500 3071 oportuit
545 2996 577 3052 et
593 2997 701 3052 tamen
718 2985 853 3052 fortasse
871 2996 997 3052 servata
1014 2995 1077 3063 est3
1100 3009 1120 3050 a
1142 3008 1194 3051 me
1211 2986 1302 3052 enim

269 3104 322 3160 ea,
340 3102 423 3166 quae
444 3081 644 3168 inpromptu
662 3091 766 3160 erant,
785 3082 870 3148 dicta
887 3092 976 3160 sunt,
995 3105 1015 3148 a
1031 3081 1171 3148 Lucullo
1189 3093 1303 3148 autem

268 3175 480 3242 reconditiora
497 3176 662 3242 desidero?
697 3188 767 3242 tum
783 3176 837 3242 ifle
855 3183 935 3242 ‘non
952 3176 1055 3252 sane,’
1073 3177 1177 3260 inquit
1195 3177 1303 3242 ‘Hor-

268 3271 360 3349 tensi,
378 3271 548 3336 conturbat
564 3294 616 3337 me
634 3271 829 3357 exspectatio
847 3282 913 3349 tua,
923 3271 990 3352 etsi
1007 3270 1086 3337 nihil
1104 3269 1222 3348 estiis,
1241 3273 1303 3355 qui

268 3366 395 3453 placere
417 3367 542 3444 volunt,
568 3378 634 3433 tam
657 3366 891 3445 adversarium
918 3366 975 3432 sed
997 3366 1073 3450 quia
1089 3388 1154 3432 non
1175 3365 1302 3446 laboro,

268 3479 366 3544 quam
383 3460 476 3526 valde
490 3483 539 3539 ea,
556 3480 639 3545 quae
652 3460 734 3539 dico,
751 3461 943 3547 probaturus
961 3463 1031 3539 sim,
1050 3460 1205 3527 eominus
1221 3482 1302 3527 con-

268 3555 392 3634 turbor;
420 3554 525 3621 dicam
547 3555 632 3621 enim
653 3577 713 3621 nec
738 3578 811 3621 mea
834 3566 867 3620 et
890 3577 941 3634 ea,
967 3556 1001 3621 in
1024 3555 1156 3639 quibus,
1183 3555 1302 3622 sinon

268 3649 400 3726 fuerint,
418 3649 504 3716 vinci
521 3672 573 3716 me
590 3651 700 3716 malim
718 3672 814 3736 quam
831 3650 968 3717 vincere.
1012 3651 1070 3718 sed
1087 3674 1138 3717 me
1156 3649 1301 3729 hercule,

267 3755 306 3811 ut
326 3744 457 3830 quidem
478 3767 564 3810 nuuc
587 3768 621 3812 se
644 3767 742 3811 causa
759 3744 871 3824 habet,
898 3745 957 3812 etsi
979 3745 1127 3812 hesterno
1150 3767 1301 3812 sermone

268 3839 461 3906 labefactata
478 3850 536 3919 est,
553 3840 632 3906 mihi
649 3852 756 3907 tamen
773 3840 900 3907 videtur
916 3863 985 3907 esse
1002 3840 1177 3908 verissima.
1200 3863 1301 3927 agam

268 3933 381 4022 igitur,
399 3934 482 4000 sicut
500 3934 678 4001 Antiochus
701 3935 833 4022 agebat3
859 3945 935 4001 nota
957 3935 1041 4002 enim
1062 3934 1142 4001 mihi
1162 3957 1215 4001 res
1233 3945 1300 4002 ests

268 4053 344 4096 nam
370 4040 402 4094 et
426 4050 529 4096 vacuo
552 4030 658 4094 animo
681 4029 771 4095 illum
794 4029 965 4096 audiebam
987 4042 1020 4098 et
1039 4052 1157 4118 magno
1179 4029 1300 4109 studio,

270 4124 382 4192 eadem
399 4122 441 4190 de
457 4146 493 4190 ra
510 4123 607 4191 etiam
626 4123 768 4212 saepius,
789 4135 827 4191 ut
843 4125 939 4192 etiam
960 4124 1113 4192 maiorem
1131 4135 1300 4212 exspecta-
