2688 4730
284 287 338 354 48-
589 301 627 356 Μ.
647 301 784 358 TULLII
801 299 1000 359 CICERONIS

284 448 349 490 non
380 425 544 512 anteponit
570 422 733 502 Cleanthi,
762 423 959 512 Chrysippo,
990 424 1119 510 reliquis
1149 425 1304 495 inferioris

283 521 416 588 aetatis?
433 521 489 606 qui
506 521 585 586 mihi
603 542 676 588 curn
692 521 748 587 illo
761 521 868 587 collati
881 522 1010 606 quintae
1023 522 1135 591 classis
1148 523 1304 591 videntur.

283 628 380 701 atque
400 617 429 684 is
452 638 516 682 non
534 616 596 682 hoc
614 616 704 695 dicit,
731 615 817 701 quod
838 638 912 693 nos,
938 616 995 701 qui
1012 615 1080 682 veri
1097 638 1167 684 esse
1189 617 1304 702 aliquid

282 733 349 778 non
374 734 546 798 negamus,
572 710 692 798 percipi
705 733 808 798 posse
828 733 1000 797 negamus:
1026 711 1081 777 ille
1103 734 1173 778 esse
1195 733 1305 778 verum

282 805 377 892 plane
404 818 516 894 negat,
549 827 725 890 sensusque
750 807 838 872 idem
862 828 927 871 non
953 805 1105 872 obscuros
1132 805 1227 885 dicit,
1256 807 1305 872 sed

284 901 515 980 tenebricosum
538 901 584 968 sic
607 902 691 968 enim
709 902 848 988 appellat
863 898 962 988 [ecs].
1005 901 1049 979 is,
1066 902 1122 986 qui
1137 901 1227 968 hunc
1244 925 1305 966 ma-

281 997 368 1064 xime
391 1009 440 1063 est
462 997 652 1075 admiratus,
677 994 778 1063 Chius
795 995 1016 1074 Metrodorus,
1039 997 1129 1064 initio
1146 996 1237 1074 libri,
1256 997 1304 1082 qui

282 1103 331 1160 est
343 1093 384 1159 de
403 1103 533 1171 natura,
553 1091 664 1180 ‘nego’
682 1091 787 1176 inquit
803 1093 898 1158 ‘scire
911 1113 969 1159 nos
989 1092 1169 1159 sciamusne
1186 1091 1304 1176 aliquid

283 1212 326 1254 an
342 1187 421 1254 nihil
439 1188 591 1265 sciamus,
609 1210 650 1254 ne
667 1187 702 1252 id
718 1188 823 1272 ipsum
840 1186 985 1271 quidem,
1003 1187 1125 1252 nescire
1144 1197 1200 1252 aut
1220 1187 1303 1262 scire,

236 1301 261 1342 τι
282 1283 364 1351 scire
382 1307 456 1362 nos,
473 1306 534 1349 nec
552 1283 695 1359 omnino,
713 1283 795 1348 sitne
812 1282 933 1367 aliquid
950 1305 992 1348 an
1008 1281 1087 1348 nihil
1105 1281 1165 1346 sit’
1202 1281 1303 1346 furere

202 1463 204 1466 Ι
282 1378 341 1444 tibi
358 1377 571 1464 Empedocles
588 1377 728 1454 videtur,
750 1387 783 1442 at
803 1377 882 1442 mihi
900 1377 1122 1464 dignissimum
1144 1375 1243 1441 rebus
1261 1375 1303 1453 iis,

280 1473 321 1539 de
340 1472 456 1557 quibus
473 1473 622 1559 loquitur,
642 1471 912 1541 sonumfundere.
935 1496 1013 1539 num
1028 1493 1104 1557 ergo
1116 1471 1144 1536 is
1159 1483 1304 1536 excaecat

281 1589 341 1633 nos
359 1580 415 1634 aut
433 1568 525 1634 orbat
542 1567 704 1645 sensibus,
722 1567 881 1655 siparum
897 1591 1046 1654 magnam
1065 1567 1131 1632 vim
1149 1577 1260 1632 censet
1275 1565 1303 1629 iu

281 1663 320 1728 iis
339 1685 408 1728 esse
426 1663 468 1728 ad
490 1686 543 1741 ea,
569 1685 653 1748 quae
676 1663 736 1728 sub
757 1685 813 1729 eos
836 1662 980 1729 subiecta
1003 1672 1091 1739 sunt,
1117 1659 1303 1726 iudicanda?

280 1756 500 1838 Parmenides,
517 1757 748 1845 Xenophanes,
766 1759 871 1825 minus
888 1757 981 1824 bonis
996 1777 1190 1842 quamquam
1209 1755 1303 1821 versi·

281 1852 352 1930 bus,
370 1853 428 1918 sed
445 1864 552 1920 tamen
564 1853 611 1923 illi
624 1854 769 1921 versibus
782 1854 946 1940 increpant
961 1875 1071 1919 eorum
1086 1851 1303 1938 adrogantiam

278 1948 370 2034 quasi
387 1949 474 2027 irati,
500 1949 570 2034 qui,
598 1972 671 2015 curn
688 1950 762 2016 sciri
778 1950 857 2015 nihil
873 1949 989 2036 possit,
1012 1948 1151 2014 audeant
1173 1970 1209 2012 se
1228 1947 1302 2012 seire

280 2045 396 2112 dicere.
440 2056 473 2110 et
490 2045 531 2110 ab
549 2045 587 2110 iis
606 2045 714 2112 aiebas
731 2046 960 2113 removendum
979 2042 1135 2112 Socraten
1152 2054 1184 2110 et
1196 2043 1302 2110 Plato

279 2160 364 2205 nem.
409 2140 485 2204 cur?
512 2163 553 2205 an
579 2140 620 2208 de
642 2141 725 2206 ullis
742 2141 858 2207 certius
884 2162 1015 2228 possum
1038 2139 1161 2205 dicere?
1188 2138 1302 2204 vixisse

280 2255 354 2299 cum
379 2233 419 2299 iis
443 2235 591 2319 equidem
614 2235 739 2302 videor:
765 2236 811 2301 ita
837 2235 929 2301 multi
955 2257 1115 2302 sermones
1136 2233 1302 2321 perscripti

279 2338 368 2406 sunt,
392 2329 545 2414 equibus
563 2329 701 2396 dubitari
722 2353 787 2397 non
809 2330 910 2417 possit
926 2329 1005 2415 quin
1022 2327 1147 2398 Socrati
1168 2328 1249 2393 nihil
1266 2328 1303 2392 sit

279 2421 383 2488 visum
401 2423 474 2488 sciri
495 2447 605 2510 posse;
631 2426 756 2511 excepit
777 2448 878 2490 unum
899 2435 1024 2492 tantum
1051 2422 1147 2490 ‘seire
1171 2445 1207 2488 se
1229 2423 1302 2488 nihil

278 2538 313 2582 se
340 2517 445 2596 scire,'
472 2519 551 2584 nihil
577 2520 724 2605 amplius.
777 2520 855 2605 quid
877 2519 982 2586 dicam
1004 2519 1044 2586 de
1066 2518 1224 2584 Platone?
1251 2518 1302 2602 qui

280 2623 365 2678 certe
387 2623 454 2678 tam
480 2614 588 2680 multis
611 2613 699 2680 libris
722 2613 801 2681 haec
824 2625 1010 2700 persecutus
1032 2635 1098 2679 non
1121 2622 1219 2689 esset,
1245 2612 1302 2677 nisi

226 2707 486 2853 24probavisset.
530 2707 666 2773 ironiam
687 2710 773 2774 enim
791 2710 935 2787 alterius,
956 2719 1144 2795 perpetuam
1161 2729 1302 2793 praeser-

226 2797 345 2912 24tim,
363 2802 452 2867 nulla
469 2801 532 2866 fuit
548 2803 628 2869 ratio
645 2804 805 2888 persequi.
841 2803 992 2870 videorne
1010 2802 1079 2879 tibi,
1096 2825 1171 2880 non,
1189 2814 1228 2867 ut
1246 2800 1302 2868 Sa·

231 2871 438 2973 75ιιιιιιίιιιιε,
466 2897 630 2965 nominare
653 2899 748 2964 modo
771 2899 912 2965 inlustris
938 2897 1097 2976 homines,
1125 2897 1182 2963 sed
1210 2897 1301 2962 etiam

277 2989 429 3054 imitari?
428 3013 631 3076 numquam
648 2993 710 3058 nis1
700 2993 864 3072 clarum,
881 2991 944 3058 nisi
933 2991 1119 3059 nobilem?
1141 2992 1232 3076 atqui
1249 2992 1302 3056 ha·

277 3082 394 3148 bebam
402 3085 515 3150 molest
502 3094 551 3150 tos
560 3086 663 3164 vobis,
678 3087 734 3152 sed
747 3086 897 3164 minutos,
912 3084 1101 3173 Stilponem,
1110 3083 1301 3160 Diodorum,

277 3177 466 3256 Alexinum,
494 3201 630 3263 quorum
656 3191 730 3247 sunt
757 3191 900 3246 contorta
924 3192 956 3248 et
977 3182 1122 3248 acrdeata
1144 3182 1300 3265 quaedam

278 3271 484 3358 sophismata3
503 3274 549 3339 sic
562 3277 647 3341 enim
661 3276 861 3362 appellantur
873 3276 1004 3342 fallaces
1014 3275 1299 3342 conclusiunculae.

189 3417 191 3428 ι
277 3366 334 3432 sed
361 3367 440 3450 quid
460 3390 515 3433 eos
537 3370 699 3456 colligam,
726 3393 800 3435 cum
825 3370 963 3438 habeam
987 3367 1220 3456 Chrysippum,
1251 3369 1302 3454 qui

276 3460 388 3527 fulcire
414 3474 546 3548 putatur
574 3465 732 3552 porticum
760 3465 962 3533 Stoicorum?
1000 3489 1098 3552 quam
1122 3467 1225 3534 multa
1252 3467 1302 3532 illo

277 3566 387 3621 contra
409 3579 536 3634 sensus,
563 3581 660 3643 quam
678 3561 779 3625 multa
796 3571 906 3626 eontra
924 3563 1046 3639 omnia,
1072 3583 1155 3646 quae
1176 3561 1212 3626 in
1229 3583 1303 3626 con·

277 3651 445 3718 suetudine
461 3653 598 3738 probant
585 3653 650 3721 turi
669 3666 704 3720 at
716 3655 860 3722 dissolvit
876 3657 973 3724 idem.
1000 3657 1079 3723 mihi
1092 3657 1223 3743 quidem
1241 3680 1304 3723 nou

278 3744 417 3812 videtur:
441 3747 498 3812 sed
520 3749 698 3816 dissolverit
685 3761 802 3818 tsane
847 3763 932 3818 certe
949 3765 1022 3818 tam
1038 3753 1139 3819 multa
1155 3773 1221 3817 non
1241 3753 1304 3818 col·

277 3839 421 3927 legisset,
444 3864 527 3927 quae
544 3866 603 3910 nos
625 3845 772 3912 fallerent
788 3846 1012 3933 probabilitate
1029 3870 1158 3934 magna,
1176 3846 1240 3912 nisi
1259 3847 1303 3912 vi·

230 3953 257 3994 rs
278 3933 413 4000 deret'
392 3959 431 4000 us
457 3937 561 4003 resisti
586 3961 651 4005 non
676 3939 769 4006 facile
795 3963 899 4028 posse.
947 3943 1026 4027 quid
1049 3939 1221 4052 Cyrenaici
1250 3943 1304 4008 tibi

277 4028 440 4109 videntur,
462 4031 593 4098 minime
611 4034 784 4122 contempti
800 4035 1001 4144 philosophi?
1022 4037 1079 4121 qui
1096 4047 1215 4124 negant
1233 4059 1303 4102 esse

278 4124 452 4212 quicquam
478 4125 565 4212 quod
589 4127 711 4215 percipi
737 4129 837 4214 possit
864 4132 1073 4199 extrinsecus:
1090 4155 1145 4198 ea
1171 4154 1206 4198 se
1235 4128 1303 4196 sola
