2688 4730
181 339 490 400 AGADFMICORUM
506 339 682 398 PRIORUM
697 339 736 396 IL
754 339 899 397 los-110.
1010 323 1050 392 61

30 467 165 557 probare
177 465 229 532 vel
243 465 420 552 adprobare
428 463 538 550 possit,
553 461 698 530 dubitare
711 461 902 550 nonpossit?
919 487 961 529 an
970 471 1005 528 tu
1018 462 1052 526 in

32 562 134 630 soritis
150 559 268 648 poteris
286 559 361 637 hoc,
388 579 462 625 cum
482 557 585 637 voles,
607 558 661 624 ille
677 558 712 623 in
728 557 858 642 reliquis
875 557 971 624 rebus
987 573 1053 621 non‘

31 655 146 744 poterit
158 655 271 721 eodem
284 653 379 718 modo
397 653 561 718 insistere?
577 652 764 740 praesertim
776 675 849 718 cum
867 652 968 739 possit
985 652 1052 718 sine

33 751 218 818 adsensione
235 749 339 836 ipsam
353 747 420 813 veri
438 747 674 814 similitudinem
687 769 752 813 non
764 747 939 834 inpeditam
952 746 1052 832 sequi.
1155 779 1157 786 ⁴

33 848 166 912 alterum
187 855 249 922 est,
277 842 363 927 quod
384 841 523 929 negatis,
549 843 706 908 actionem
727 842 823 908 ullius
840 843 887 909 rei
909 839 1003 930 poss'e
1019 841 1054 906 in
1067 860 1105 902 roa

33 963 163 1020 coesse,
181 939 238 1025 qui
254 939 373 1004 nullam
390 961 459 1004 rem
476 939 613 1004 adsensu
633 960 691 1004 suo
710 937 897 1025 conprobat:
915 937 1054 1025 primum

33 1038 116 1104 enim
133 1035 234 1101 videri
255 1045 414 1120 oportere,
441 1033 556 1119 inquo
574 1033 615 1099 sit
637 1034 732 1100 etiam
750 1035 919 1112 adsensus3
946 1033 1055 1098 dicunt

33 1132 116 1198 enim
139 1128 239 1197 Stoici
261 1152 372 1194 sensus
393 1128 480 1215 ipsos
503 1129 659 1196 'adsensus
686 1151 771 1208 esse,
798 1150 877 1213 quos
904 1126 1054 1213 quoniam

32 1223 183 1313 adpetitio
201 1234 421 1309 consequatur,
440 1223 597 1290 actionem
611 1223 715 1309 sequi3
732 1223 801 1289 tolli
818 1232 925 1290 autem
938 1221 1054 1301 omnia,

33 1323 57 1386 si
74 1321 148 1386 visa
164 1318 322 1385 tollantur.
358 1318 419 1384 hac
437 1318 476 1384 de
494 1341 528 1384 re
545 1319 579 1384 in
593 1329 903 1404 utramquepartem
921 1328 953 1384 et
970 1317 1056 1382 diota
1072 1331 1107 1387 34

33 1425 161 1482 suntet
184 1415 301 1500 scripta
323 1413 437 1492 multa,
465 1414 522 1480 sed
544 1415 634 1480 brevi
651 1439 702 1481 res
719 1425 824 1502 potest
845 1425 911 1479 tota
928 1412 1056 1492 confici;

33 1534 92 1598 ego
111 1508 196 1576 enim
213 1509 273 1575 etsi
293 1509 467 1573 maximam
483 1510 640 1575 actionem
659 1522 753 1596 puto,
770 1532 950 1596 repugnare
968 1508 1054 1588 visis,

33 1605 185 1671 obsistere
203 1604 414 1691 opinionibus,
432 1604 585 1671 adsensus
603 1606 742 1672 lubricos
760 1606 926 1682 sustinere,
945 1605 1056 1670 oredo-

33 1723 95 1786 que
113 1697 322 1776 Clitomacho,
340 1697 386 1763 ita
404 1699 565 1779 scribenti,
585 1700 719 1766 Herculi
736 1699 895 1785 quendam
912 1699 1056 1766 laborem

34 1793 233 1860 exanclatum
250 1817 270 1858 a
289 1789 467 1872 Carneade,
485 1795 582 1880 quod,
601 1807 635 1860 ut
654 1794 755 1861 feram
773 1804 805 1861 et
821 1795 982 1861 inmanem
1000 1794 1056 1861 be·

33 1890 128 1965 luam,
148 1887 193 1952 sie
210 1911 251 1953 ex
269 1887 515 1954 animisnostris
534 1890 767 1968 adsensionem,
783 1889 818 1955 id
836 1899 883 1956 est
900 1889 1057 1977 opinatio·

33 2008 106 2050 nem
124 1994 156 2050 et
172 1982 394 2061 temeritatem,
418 1984 620 2063 extraxisset,
647 1995 769 2063 tamen,
791 1993 827 2050 ut
846 2007 884 2051 ea
905 2007 979 2071 pars
1002 1983 1058 2050 de·

34 2078 184 2145 tensionis
210 2077 420 2163 relinquatur,
447 2078 526 2163 quid
546 2079 689 2167 inpediet
711 2079 868 2146 actionem
891 2081 974 2158 eius,
1001 2078 1057 2163 qui

34 2173 211 2260 probabilia
236 2173 393 2257 sequitur,
423 2174 512 2239 nnlla
539 2197 574 2240 re
604 2175 804 2262 inpediente?
840 2175 929 2240 ‘hoo’
954 2174 1108 2259 inquitas

35 2269 154 2356 ‘ipsum
170 2267 319 2354 inpediet,
338 2268 424 2353 quod
437 2279 554 2336 statuet
571 2293 612 2337 ne
624 2270 659 2335 id
671 2270 811 2355 quidem,
829 2271 916 2355 quod
933 2269 1057 2357 probet,

34 2386 128 2450 posse
149 2361 290 2450 percipi!
332 2364 397 2428 ism
422 2362 505 2430 istuc
531 2375 563 2431 te
590 2387 717 2452 quoque
743 2366 884 2454 inpediet
908 2366 942 2430 in
968 2365 1057 2431 navi-

33 2458 154 2548 gando,
177 2458 211 2522 in
228 2459 438 2537 conserendo,
456 2459 489 2525 in
508 2482 606 2525 uxore
624 2461 784 2540 ducenda,
803 2463 837 2526 in
855 2461 962 2527 liberis
984 2482 1058 2548 pro·

35 2552 179 2621 creandis
205 2553 412 2640 plurimisque
433 2553 467 2619 in
488 2554 599 2633 rebus,
625 2555 659 2621 in
683 2556 798 2641 quibus
823 2556 912 2621 nihil-
925 2577 1058 2640 sequere

33 2660 159 2736 praeter
176 2647 350 2734 probabile.
460 2649 507 2715 Et
524 2661 631 2717 tamen
647 2651 728 2717 illud
744 2649 896 2716 usitatum
913 2661 945 2716 et
963 2673 1057 2738 saepe

33 2743 236 2830 repudiatum
252 2741 366 2822 refers,
388 2766 453 2808 non
470 2753 507 2810 ut
523 2744 708 2831 Antipater,
727 2746 797 2823 sed,
816 2757 851 2810 ut
873 2745 934 2823 ais,
957 2751 1059 2832 ‘pres-

34 2837 130 2903 sius:’
152 2859 227 2902 nam
244 2837 451 2924 Antipatrum
473 2839 716 2925 reprehensum,
739 2839 825 2924 quod
848 2839 967 2906 diceret
984 2861 1059 2905 eon·

35 2943 221 2999 sentaneum
248 2955 317 2998 esse
341 2933 385 3010 ei,
411 2933 467 3017 qui
489 2933 671 3000 adfirmaret
696 2934 775 3000 nihil
803 2957 897 3021 posse
926 2955 1060 3022 oonpre-

33 3027 146 3106 hendi,
168 3028 202 3092 id
218 3028 324 3113 ipsum
342 3026 454 3093 saltem
472 3028 578 3094 dicere
604 3051 698 3116 posse
722 3030 951 3116 conprehendi,
972 3028 1060 3114 quod

34 3123 96 3210 ipsi
104 3122 265 3187 Antiocho
284 3123 404 3209 pingue
417 3122 586 3188 videbatur
603 3133 635 3188 et
652 3123 713 3189 sibi
730 3124 836 3210 ipsum
851 3123 1058 3201 eontrarium

34 3240 99 3283 non
131 3217 215 3282 enim
245 3228 351 3304 potest
381 3218 605 3283 convenienter
636 3217 698 3282 diei
734 3219 814 3284 nihil
846 3215 1059 3304 conprehendi

34 3334 145 3398 posse,
164 3311 191 3376 si
209 3312 380 3397 quiequam
399 3312 614 3399 conprehendi
630 3334 724 3400 posse
740 3313 872 3379 dicatur.
895 3313 949 3377 illo
964 3311 1059 3376 modo

34 3407 140 3494 potius
154 3417 245 3494 putat
258 3405 460 3494 urguendum
474 3407 573 3473 fuisse
584 3403 797 3474 Cameadsm:
817 3430 891 3474 oum
909 3407 1059 3494 sapientis

35 3503 160 3568 nullum
186 3503 349 3569 decretum
375 3525 445 3568 esse
471 3514 580 3591 posset
604 3503 666 3567 nisi
694 3501 961 3589 conprehensum,
986 3523 1059 3586 per-

36 3611 174 3686 ceptum,
193 3598 366 3686 cognitum,
384 3609 421 3663 ut
437 3597 499 3664 hoc
515 3599 621 3684 ipsum
640 3597 813 3676 decretum,
831 3619 895 3682 quo
908 3596 1060 3683 sapientis

37 3704 118 3760 esset
134 3693 214 3758 nihil
236 3715 330 3781 posse
347 3694 483 3781 percipi,
506 3693 658 3759 fateretur
677 3715 746 3758 esse
764 3702 963 3780 perceptum:
986 3713 1060 3778 pro-

34 3790 109 3856 inde
127 3790 220 3875 quasi
238 3790 364 3876 sapiens
381 3791 505 3854 nullum
524 3789 610 3854 aliud
629 3789 791 3853 decretum
809 3787 926 3854 habeat
942 3797 975 3853 et
992 3787 1060 3852 sine

36 3883 170 3952 decretis
187 3884 287 3950 vitam
304 3908 399 3971 agere
417 3883 530 3971 possiti
571 3884 627 3949 sed
645 3894 682 3949 ut
697 3883 752 3947 illa
768 3882 866 3948 habet
883 3881 1060 3968 probabilia
1073 3895 1110 3938 11⁰

34 4003 99 4048 non
116 3992 276 4068 percepta,
295 3981 342 4045 sie
359 3980 420 4046 hoo
436 3981 557 4066 ipsum,
575 3978 654 4044 nihil
672 3999 766 4065 posse
783 3977 918 4064 percipi3
940 3999 1015 4040 nam
1032 3975 1059 4040 si

34 4077 65 4142 in
83 4077 148 4143 hoc
164 4076 297 4142 haberet
315 4075 502 4162 cognitionis
520 4086 645 4152 notam,
668 4072 780 4138 eadem
798 4082 939 4138 uteretur
955 4071 989 4134 in
1007 4091 1059 4134 ce-

35 4173 124 4242 teris:
160 4194 258 4260 quam
284 4169 435 4257 quoniam
461 4192 527 4236 non
559 4168 671 4245 habet,
707 4167 807 4234 utitur
832 4163 1059 4254 probabilibus.
