2688 4730
237 993 238 1000 ,
328 939 377 1004 M.
395 937 560 1006 TULLII
578 937 830 1006 CICERONIS

153 1049 546 1120 ACADEMIOORUM
565 1052 695 1137 QUAE
715 1047 1003 1120 SUPERSUNT.

425 1255 740 1315 PROOEMIUM.

120 1356 231 1430 Oicero,
256 1360 304 1432 qui
321 1359 357 1416 ab
381 1361 495 1417 ineunte
513 1365 608 1418 aetate
625 1359 819 1434 philosophiae
838 1377 951 1432 operam
970 1359 1095 1430 dederat,

68 1457 131 1494 cum
149 1444 257 1494 ceteras
278 1439 506 1510 philosophorum
527 1439 637 1494 scholas
655 1455 806 1510 earumque
824 1439 938 1494 decreta
955 1438 1095 1510 cognovit,

67 1523 127 1570 trun
139 1515 265 1588 inprimis
279 1516 316 1570 ad
324 1516 556 1572 Academicorum
568 1517 706 1573 rationem
719 1515 952 1586 disciplinamque
966 1533 996 1570 se
1006 1515 1095 1585 appli-

68 1592 155 1663 cavit,
171 1610 227 1647 non
236 1593 326 1648 solum
333 1599 484 1664 propterea
493 1594 568 1666 quod
577 1611 673 1649 eorum
685 1598 838 1665 praecepta
846 1593 970 1665 proxime
980 1591 1096 1647 adseri-

67 1675 156 1725 tatem
165 1670 299 1738 accedere
308 1671 489 1741 videbantur,
508 1672 558 1728 scd
568 1671 652 1727 etiam
662 1671 736 1742 quod
746 1670 1050 1726 eorumconsuetudine
1061 1670 1095 1723 de

68 1749 195 1804 omnibus
204 1749 288 1804 rebus
301 1750 330 1803 iu
339 1754 484 1821 utramque
494 1755 604 1821 partem
613 1750 776 1822 disputandi
784 1751 902 1806 maxime
913 1755 1050 1805 oratorem
1059 1748 1097 1802 ali

68 1826 250 1897 adiuvarique
264 1826 318 1882 sibi
331 1833 518 1898 persuaserat.
554 1827 625 1884 Cum
637 1828 724 1900 igitur
742 1829 935 1884 defensionum
952 1825 1097 1882 laboribus

68 1903 271 1975 senatoriisque
293 1904 455 1960 muneribus
478 1911 528 1960 aut
544 1905 657 1960 omnino
680 1911 730 1961 aut
745 1923 851 1978 magna
869 1924 902 1962 ex
923 1909 1005 1977 parte
1023 1908 1098 1958 esset

67 1983 216 2053 liberatus,
236 1987 264 2039 et
276 1989 342 2055 post
354 1985 459 2040 bellum
472 1985 553 2040 civile
562 1985 698 2056 Pompeio
712 1985 821 2040 devicto
837 1992 867 2042 et
879 1986 971 2041 occiso
984 1985 1009 2038 is
1023 1987 1098 2039 esset

67 2059 257 2131 reipublicae
275 2067 374 2132 statrm
392 2068 425 2117 ut
442 2079 505 2118 eam
521 2062 604 2116 unius
621 2063 738 2118 oonsilio
757 2069 842 2134 atque
860 2081 928 2118 cura
946 2061 1098 2134 gubernari

67 2155 183 2194 necesse
193 2145 275 2210 esset,
293 2139 413 2211 primum
426 2139 513 2212 ipsius
526 2140 569 2196 rei
581 2140 713 2212 publicae
723 2158 809 2198 causa
822 2142 1028 2213 philosophiam
1041 2139 1098 2193 Ro·

68 2215 158 2270 manis
168 2216 361 2288 explicandam
370 2219 493 2289 putavit,
507 2218 605 2290 magni
615 2218 774 2274 existimans
783 2219 918 2275 interesse
929 2219 966 2274 ad
975 2219 1060 2273 decus
1069 2221 1098 2272 et

69 2294 106 2348 ad
122 2294 236 2349 laudem
254 2295 387 2364 civitatis,
410 2301 531 2352 restam
554 2313 655 2368 graves
671 2301 785 2368 tamque
807 2297 968 2368 praeclaras
986 2295 1097 2350 Latinis

69 2371 154 2425 etiam
163 2371 263 2426 litteris
273 2371 418 2442 contineri,
428 2373 530 2428 deiude
541 2375 627 2429 etiam
636 2374 673 2428 ad
682 2373 768 2428 animi
777 2373 982 2446 aegritudinem
991 2372 1097 2428 lenien-

69 2449 147 2518 dam,
169 2449 298 2504 fortunae
315 2467 422 2522 magna
439 2456 468 2506 et
485 2452 566 2524 gravi
584 2455 751 2506 commotam
768 2451 883 2522 iniuria,
907 2452 1007 2507 melius
1027 2450 1099 2505 nihil

68 2527 162 2581 facere
175 2543 257 2598 posse
267 2526 320 2582 sibi
332 2528 406 2582 risus
417 2534 460 2584 est
472 2545 556 2600 quam
565 2530 590 2584 si
603 2547 633 2584 se
642 2545 699 2584 non
711 2529 841 2584 modoad
854 2529 989 2601 legendos
1001 2528 1097 2598 libros,

69 2603 120 2658 sed
131 2604 216 2658 etiam
225 2603 263 2658 ad
271 2608 361 2659 totam
368 2605 575 2678 philosophiam
583 2607 811 2678 pertractandam
820 2606 952 2662 dedisset

120 2679 274 2752 Postquam
282 2681 497 2754 igiturinlibrc,
508 2700 591 2755 quem
599 2684 821 2741 Hortensium
833 2683 1022 2755 inscripserat,
1036 2683 1098 2736 uni-

68 2775 178 2813 versam
190 2759 396 2830 philosophiam
406 2761 616 2818 collaudaverat
627 2762 664 2817 ad
677 2762 792 2834 eiusque
806 2763 928 2816 studium
937 2761 1098 2816 cohortatus

69 2841 139 2905 erat,
157 2836 279 2913 contulit
289 2853 320 2892 se
334 2837 371 2891 ad
383 2837 615 2895 Academicorum
629 2839 785 2894 doctrinam
800 2839 1007 2912 explicandam,
1024 2838 1099 2909 quod

70 2929 166 2968 eorum
180 2931 269 2986 genus
286 2915 502 2986 philosophandi
514 2917 628 2973 minime
643 2935 778 2990 arrogans
795 2917 969 2987 maximeque
987 2922 1016 2971 et
1034 2933 1099 2970 con-

70 2995 148 3045 stans
162 2996 192 3046 et
207 2991 323 3064 elegans
338 2993 536 3050 arbitrabatur.
574 2995 656 3050 Haec
668 2995 877 3052 Academica
893 2995 972 3050 initio
991 2994 1099 3048 duobus

68 3067 150 3123 libris
167 3068 417 3141 comprehenderat
432 3071 462 3126 in
479 3071 569 3144 iisque
583 3071 726 3142 Catulum,
740 3073 904 3142 Lucullum,
919 3071 1100 3126 Hortensium

70 3146 246 3216 disputantes
260 3147 420 3219 induxerat,
440 3166 557 3220 quorum
571 3150 703 3208 librorum
715 3150 776 3222 ipse
794 3151 914 3224 priorem
928 3149 1098 3219 Catulum,

70 3225 191 3279 alterum
208 3223 390 3280 Lucullum
406 3221 568 3283 nominavit.
613 3227 689 3292 Quos
708 3245 771 3284 cum
787 3228 883 3283 Attico
902 3226 1100 3282 describendos

69 3301 199 3372 misisset,
208 3308 309 3372 postea
317 3318 391 3358 nora
398 3305 543 3374 prooemia
552 3305 661 3362 addidit
670 3305 740 3379 (Cic.
750 3306 787 3361 ad
795 3305 855 3360 Aac.
864 3304 947 3374 XIII,
957 3304 1022 3377 32),
1033 3319 1099 3374 quo·

69 3397 133 3433 rum
146 3379 273 3451 alterum,
293 3380 323 3435 in
336 3380 450 3437 Luculli
463 3383 585 3455 laudem,
606 3388 708 3455 exstat,
729 3384 861 3454 alterum,
880 3383 955 3454 quod
970 3382 1100 3439 Oatrrlum

69 3457 201 3513 laudibus
211 3457 316 3528 ntulit,
336 3475 399 3514 cum
411 3460 473 3530 ipso
482 3460 563 3531 libro,
582 3463 627 3516 cui
636 3463 819 3532 praemissum
828 3466 897 3531 erat,
915 3459 1007 3532 periit.
1044 3458 1101 3514 Sed

72 3551 137 3590 cum
143 3533 317 3591 Academica
329 3553 382 3592 sua
390 3537 420 3592 in
434 3537 540 3610 Catuli,
559 3539 686 3609 Luculli,
705 3539 850 3596 Hortensii
862 3555 997 3609 personas
1009 3536 1100 3591 minus

70 3612 174 3667 cadere
183 3612 299 3684 videret,
310 3615 385 3684 quod
394 3621 457 3670 erat
465 3616 625 3672 hominibus
633 3623 702 3673 nota
709 3634 767 3672 non
776 3617 888 3672 illorum
897 3615 1010 3687 quidem
1019 3615 1100 3668 ἅπαι-

71 3689 176 3760 δευσία,
194 3691 284 3746 sedin
292 3691 327 3745 iis
336 3692 421 3748 rebus
430 3692 553 3768 ἀτριψία,
574 3695 687 3750 eosdem
696 3695 759 3750 illos
769 3711 910 3750 sermones
920 3693 956 3748 ad
965 3690 1101 3747 Catonem

71 3769 245 3841 Brutumque
258 3772 410 3828 transtulit.
428 3773 504 3844 (Cic.
519 3774 555 3828 ad
568 3775 629 3829 Att.
642 3773 729 3844 XHI,
745 3773 805 3846 16.)
839 3773 963 3828 Monitus
980 3789 1046 3826 vero
1064 3772 1101 3826 ab

70 3847 177 3918 Attico,
196 3846 235 3902 M.
246 3847 410 3904 Terentium
417 3850 581 3922 Varronem,
601 3851 650 3922 qui
658 3850 786 3908 Ciceroni
798 3869 931 3924 magnam
945 3854 974 3906 et
986 3865 1101 3923 gravem

73 3927 273 3998 προσφώνησιν
282 3925 504 3998 denuntiaverat,
522 3929 640 3985 moleste
648 3929 731 4000 ferre,
752 3929 827 4000 quod
834 3928 888 4000 ipsi
900 3927 930 3982 in
942 3927 1022 3982 libris
1031 3927 1100 3982 Tul-

71 4003 155 4058 lianis
168 4003 247 4058 locus
255 4006 379 4060 nondum
388 4006 471 4061 datus
484 4012 566 4076 esset,
585 4011 675 4061 totam
688 4006 767 4062 illam
775 4006 957 4074 Άκαδημικὴν
971 4006 1100 4066 σύνταξιν

73 4081 111 4135 ab
124 4081 281 4136 hominibus
294 4083 474 4138 nobilissimis
489 4083 606 4140 abstulit
618 4083 816 4155 transtulitque
826 4082 1020 4139 inVarronem
1029 4086 1058 4138 et
1066 4099 1100 4137 ex

72 4157 182 4212 duobus
191 4158 269 4214 libris
279 4160 435 4216 contulitin
446 4166 586 4232 quattuor,
605 4160 646 4215 ita
654 4167 687 4216 ut
694 4166 784 4216 totum
793 4177 863 4233 opus
872 4159 997 4232 quamvis
1005 4159 1100 4214 multis

72 4236 207 4292 debactis
220 4238 356 4310 grandius
369 4237 540 4312 efficeretur,
558 4239 726 4296 multavere
740 4239 944 4312 splendidiora,
961 4237 1098 4312 breviora,

124 4323 283 4370 ὒίεονωιίουοὶ.
294 4325 327 4371 Vl.
895 4327 911 4382 1
