2688 4730
210 414 521 502 AOADEMIOORUM
538 413 853 476 POSTERIORUMI.
871 415 957 472 1-4.
1080 397 1102 466 5

138 539 179 608 In
196 537 343 610 Cumano
365 565 468 629 nuper
490 563 564 608 cum
584 565 712 610 mecum
729 541 777 609 At
764 542 859 609 tticus
876 551 985 608 noster
1007 550 1131 650 esset,
1118 537 1136 592 1

73 637 255 704 nuntiatum
278 648 327 704 est
347 638 440 703 nobis
463 661 483 704 a
505 635 554 704 M.
571 638 733 718 Varrone,
757 638 884 708 venisse
907 659 981 704 eum
997 612 1131 703 Roma1

72 732 176 820 pridie
189 733 315 819 vesperi
332 743 373 810 et,
390 733 453 798 nisr
442 733 550 800 'de
519 757 572 799 vra
589 733 694 799 fessus
711 743 805 813 esset,
824 732 973 799 continuo
989 732 1031 799 ad
1042 753 1102 797 nos

73 838 245 894 venturum
266 828 380 895 fuisse:
411 828 497 913 quod
515 850 588 895 cum
606 829 820 906 audissemus,
842 829 964 894 nullam
980 847 1103 893 moram

72 923 338 1011 interponendam
358 925 541 1010 putavimus
559 923 637 1010 quin
658 923 839 990 videremus
861 921 1023 992 hominem
1044 943 1103 987 no-

73 1017 199 1084 biscum
225 1030 257 1084 et
278 1018 391 1084 studiis
414 1018 535 1085 eisdem
558 1029 590 1084 et
611 1027 768 1085 vetustate
791 1017 948 1084 amicitiae
971 1018 1104 1084 coniun-

75 1126 175 1191 ctum3
199 1114 308 1199 itaque
325 1113 494 1181 confestim
511 1114 553 1180 ad
571 1137 645 1180 eum
667 1115 714 1181 ire
730 1114 939 1200 perreximus,
956 1114 1104 1202 paulum-

72 1225 137 1294 que
150 1231 224 1274 cum
238 1209 279 1275 ab
294 1209 361 1275 eius
375 1210 451 1275 villa
464 1210 658 1288 abessemus,
676 1209 782 1296 ipsum
795 1210 838 1276 ad
850 1232 909 1275 nos
922 1209 1104 1276 venientem

72 1304 226 1381 vidimus,
253 1315 349 1390 atque
369 1303 462 1370 illum
484 1305 656 1391 complexi,
682 1314 719 1370 ut
746 1327 815 1372 mos
842 1305 1018 1370 amicorum
1044 1314 1103 1383 est,

74 1401 150 1465 satis
172 1411 241 1465 tum
263 1399 360 1487 longo
382 1400 576 1479 intervallo,
592 1400 634 1466 ad
660 1423 752 1466 suam
775 1401 885 1466 villam
906 1399 1102 1466 reduximus.

72 1495 126 1559 hic
142 1517 246 1582 pauca
262 1495 375 1581 prim0,
394 1505 490 1580 atque
505 1492 574 1583 [ea]
589 1493 849 1581 percontantibus
866 1495 970 1574 nobis,
989 1493 1103 1579 ecquid
1120 1512 1133 1550 2

73 1589 156 1654 sorte
174 1589 278 1655 Roma
294 1590 384 1668 novi,
402 1590 531 1656 Atticus
555 1591 678 1656 ‘omitte
696 1591 771 1669 ista,
794 1613 877 1676 quae
894 1613 954 1656 neo
969 1612 1104 1676 percon-

73 1684 135 1750 tari
147 1705 207 1750 nec
216 1685 326 1751 audire
341 1685 409 1750 sine
422 1684 568 1750 molestia
581 1705 762 1771 possumus,
778 1685 918 1771 quaeso,'
935 1685 1039 1769 inquit
1056 1691 1105 1750 ‘et

74 1797 192 1865 quaere
209 1781 325 1867 potius,
344 1781 460 1867 ecquid
476 1779 546 1868 ipse
562 1776 653 1860 novi3
677 1781 770 1847 silent
788 1782 872 1847 enirn
891 1781 1010 1846 diutius
1026 1780 1104 1846 Mu·
1133 1863 1135 1868 ,

75 1891 129 1941 sae
146 1874 301 1943 Varronis
325 1897 423 1962 quam
447 1875 605 1953 solebant,
631 1899 692 1943 nec
712 1887 821 1942 tamen
846 1877 944 1942 istum
967 1897 1101 1955 cessare,

74 1969 132 2036 sed
149 1971 252 2037 celare
270 1992 352 2055 quae
371 1971 489 2037 scribat
507 1971 674 2037 existimo?
715 1971 858 2037 ‘minime
875 1992 951 2037 vero
957 1971 981 2050 ;'
999 1971 1103 2056 inquit

73 2066 126 2131 ille
152 2066 406 2153 ‘intemperantis
430 2067 515 2132 enim
539 2067 675 2132 arbitror
692 2089 761 2133 esse
785 2066 923 2132 scribere
945 2066 1032 2151 quod
1050 2088 1103 2132 oc·

75 2161 187 2225 oultari
204 2161 298 2239 velis3
320 2162 377 2227 sed
394 2162 497 2228 habeo
517 2183 598 2248 opus
615 2185 771 2249 magnum
787 2162 822 2228 in
838 2161 987 2228 manibus
1005 2161 1102 2246 idque

73 2256 138 2321 iam
159 2256 298 2342 pridem3
317 2256 461 2322 adhunc
479 2258 564 2323 enim
581 2257 702 2345 ipsum'
720 2293 764 2304 —-
779 2279 832 2322 me
850 2268 958 2322 autem
977 2255 1103 2322 dicebat

74 2389 118 2401 -
134 2353 305 2438 ‘quaedam
322 2352 453 2430 institui,
471 2375 554 2437 quae
572 2363 604 2418 et
622 2363 696 2418 sunt
712 2374 831 2439 magna
848 2374 925 2417 sane
943 2362 975 2416 et
991 2350 1104 2417 liman-

73 2459 126 2514 tur
143 2471 163 2514 a
180 2469 231 2512 me
249 2446 397 2533 politius!
434 2458 466 2512 et
484 2469 544 2534 ego
563 2447 639 2513 ‘ista
656 2446 806 2532 quidem‚'
824 2447 960 2532 inquam
974 2446 1103 2523 ‘Varro‚
1121 2467 1133 2505 a

73 2544 138 2609 iam
164 2542 218 2608 diu
246 2553 435 2628 exspectans
457 2564 522 2608 non
548 2542 651 2608 audeo
675 2553 782 2608 tamen
808 2541 967 2629 flagitare3
995 2540 1104 2606 audivi

73 2639 158 2704 enim
177 2660 195 2703 e
212 2636 340 2702 Libone
356 2648 475 2714 nostro,
495 2636 585 2702 ouius
602 2637 687 2703 nosti
704 2637 846 2702 studium
862 2671 908 2684 -
923 2635 1002 2700 nihil
1020 2636 1104 2701 euim

71 2733 223 2798 eumelus
238 2732 325 2797 modi
340 2733 442 2797 celare
459 2743 629 2818 possumus
638 2769 690 2810 —,
709 2755 774 2798 non
788 2744 820 2799 te
835 2755 874 2798 ea
886 2730 1104 2808 intermittere,
1196 2767 1198 2772 ·

73 2829 130 2894 sed
154 2827 330 2892 accuratius
357 2837 492 2892 tractare
515 2850 575 2893 nec
598 2827 638 2895 de
660 2828 808 2893 manibus
830 2849 985 2912 umquam
1007 2825 1105 2912 depo-

72 2945 159 2988 nere.
203 2922 283 2986 illud
305 2933 413 2999 autem
433 2922 512 2987 mihi
537 2922 695 2988 antehoc
721 2933 846 3009 tempus
873 2942 1049 3006 numquam
1070 2921 1106 2986 in

72 3028 213 3082 mentem
230 3016 351 3082 venito
366 3029 397 3082 te
414 3017 590 3102 requirere3
610 3018 666 3083 sed
680 3041 776 3095 nunc,
794 3027 907 3102 postea
921 3038 1020 3101 quam
1034 3039 1105 3082 sum

71 3113 237 3197 ingressus
254 3135 305 3177 res
323 3135 387 3188 eas,
407 3134 486 3196 quas
504 3124 611 3178 tecum
629 3113 725 3178 simul
743 3112 849 3190 didici,
867 3111 1020 3179 mandare
1037 3136 1106 3177 mo-

72 3207 223 3272 nimentis
241 3206 537 3294 philosophiamque
555 3219 698 3273 veterem
714 3209 803 3273 illam
820 3232 840 3274 a
855 3205 988 3274 Socrate
1003 3218 1105 3272 ortam

71 3301 200 3366 Latinis
216 3301 327 3367 litteris
345 3302 522 3380 inlustrare,
541 3324 660 3387 quaero
673 3303 753 3386 quid
770 3304 810 3367 sit
828 3326 895 3379 our,
913 3325 988 3367 cum
1004 3302 1105 3368 multa

73 3396 209 3475 scribas,
228 3397 289 3463 hoe
305 3421 408 3484 genus
425 3399 670 3485 praetermittas,
689 3399 877 3485 praesertim
896 3421 969 3464 eum
986 3408 1019 3463 et
1035 3397 1104 3484 ipse

72 3493 106 3558 in
125 3513 163 3558 eo
181 3493 319 3559 excellas
337 3506 369 3560 et
390 3494 424 3558 id
442 3494 583 3559 studium
600 3505 732 3578 totaque
750 3517 789 3560 ea
806 3517 857 3560 ars
875 3495 972 3580 longe
990 3492 1103 3559 ceteris

73 3600 106 3652 et
124 3588 236 3654 studiis
255 3599 287 3654 et
304 3589 425 3654 artibus
443 3589 631 3656 antecedat?

139 3682 224 3748 Tum
245 3682 298 3749 ille
324 3690 408 3750 ‘rem
429 3708 449 3749 a
474 3706 527 3750 me
554 3707 650 3771 saepe
677 3683 886 3750 deliberatam
909 3693 941 3748 et
966 3671 1139 3787 multum24

73 3776 228 3863 agitatam
245 3779 393 3862 requiris3
414 3779 523 3864 itaque
540 3802 606 3844 non
623 3777 783 3844 haesitans
807 3777 1007 3864 respondebo
1012 3826 1022 3856 ,
1046 3776 1103 3844 sed

73 3894 113 3936 ea
131 3872 249 3950 dicam,
267 3895 350 3958 quae
367 3873 445 3938 mihi
463 3884 537 3939 sunt
553 3873 588 3939 iu
604 3883 770 3960 promptu,
793 3874 881 3959 quod
896 3873 958 3938 ista
974 3872 1046 3958 ipsa
1062 3872 1103 3938 de

72 3988 108 4031 re
126 3967 276 4046 multum,
299 3980 336 4033 ut
353 3968 433 4047 dixi,
456 3979 489 4035 et
505 3969 560 4034 diu
578 3969 726 4055 cogitavi.
770 3991 847 4034 nam
869 3989 943 4034 cum
965 3967 1104 4054 philoso-

71 4062 184 4149 phiam
200 4063 341 4129 viderem
359 4063 599 4150 diligentissime
618 4063 752 4131 Graecis
770 4063 883 4130 litteris
902 4062 1102 4150 explicatam,

73 4157 270 4237 existimavi,
298 4159 403 4244 siqui
429 4159 469 4225 de
495 4160 609 4226 nostris
632 4161 701 4226 eius
726 4160 830 4226 studio
852 4169 1049 4237 tenerentur,
1076 4158 1104 4224 si

74 4263 182 4321 essent
208 4252 341 4322 Graecia
369 4255 518 4322 doctrinis
546 4255 675 4335 eruditi,
711 4254 838 4324 Graeca
868 4255 974 4343 potius
1006 4276 1103 4341 quam
