2688 4730
237 295 546 354 AOADEMICORUM
563 294 739 352 PRIORUM
755 295 793 349 H.
810 296 887 350 4-8.
1033 281 1076 346 23

47 420 230 488 videndum
241 431 290 490 est
302 421 405 500 nobis,
423 441 504 504 quos
521 420 832 506 populusRomanus
849 419 955 484 hocin
973 418 1077 504 gradu

48 517 246 595 conlocavit,
265 517 328 582 nisi
344 539 385 582 ne
404 515 481 599 quid
497 516 629 601 privatis
647 514 759 592 studiis
777 516 817 580 de
835 513 932 600 opera
948 514 1077 600 publica

48 611 266 678 detrahamus.
315 609 469 695 quodsi,
496 632 569 676 cum
595 609 687 694 fungi
712 631 844 676 munere
871 609 1076 686 debebamus,

48 730 119 774 non
139 707 236 772 modo
258 728 388 792 operam
413 717 555 770 nostram
575 726 753 788 numquam
774 727 795 768 a
815 703 962 790 populari
984 715 1077 770 coetu

48 801 261 879 removimus,
287 800 345 866 sed
364 822 409 865 ne·
427 800 565 866 litteram
588 799 719 883 quidem
739 798 839 864 ullam
860 797 994 864 fecimus
1015 799 1077 867 nisi

48 897 223 974 forensem,
241 894 313 980 quis
330 893 542 980 reprehendet
556 893 655 958 otium
668 903 822 972 nostrum,
841 893 898 976 qui
913 892 948 958 in
961 915 999 958 eo
1012 915 1078 958 non

48 991 149 1062 modo
166 1001 291 1056 nosmet
312 988 398 1074 ipsos
419 987 590 1054 hebescere
608 998 640 1053 et
661 988 813 1074 languere
830 988 993 1066 nolumus,
1021 989 1078 1054 sed

49 1086 150 1155 etiam
168 1095 204 1151 ut
226 1082 371 1171 plurimis
392 1082 550 1170 prosimus
568 1082 737 1150 enitimur?
761 1083 897 1169 gloriam
919 1104 1079 1150 veronen

49 1179 150 1246 modo
175 1201 240 1246 non
261 1177 377 1255 minui,
403 1178 461 1244 sed
486 1177 583 1244 etiam
609 1177 720 1263 augeri
746 1177 936 1243 arbitramur
958 1199 1077 1256 eorum,

49 1296 191 1359 quorum
207 1274 249 1339 ad
266 1273 428 1360 popularis
442 1272 646 1356 inlustrisque
663 1273 774 1338 laudes
791 1271 849 1338 has
864 1273 960 1339 etiam
973 1273 1077 1338 minus

50 1380 146 1437 notas
163 1368 332 1451 minusque
350 1367 550 1453 pervolgatas
568 1366 782 1452 adiungimus.
818 1377 891 1432 sunt
910 1367 1006 1432 etiam
1023 1366 1079 1451 qui
1096 1387 1108 1427 r

50 1474 174 1550 negent
189 1463 223 1528 in
239 1461 299 1539 his,
318 1462 372 1546 qui
389 1461 422 1526 in
434 1461 550 1528 nostris
563 1460 652 1526 libris
666 1460 837 1546 disputent,
855 1460 955 1528 firisse
969 1483 1078 1528 earum

46 1577 175 1635 rerum,
193 1557 233 1624 de
251 1555 368 1640 quibus
386 1556 580 1643 disputatur,
598 1555 777 1622 scientiam:
800 1555 857 1640 qui
873 1555 953 1625 mihi
968 1557 1080 1623 viden-

50 1663 106 1717 tur
122 1672 188 1716 non
204 1652 308 1716 solum
325 1650 421 1726 vivis,
444 1650 502 1716 sed
519 1650 615 1716 etiam
632 1651 764 1715 mortuis
786 1650 938 1717 invidere.
982 1660 1079 1716 restat
1096 1671 1114 1725 3

50 1769 157 1812 unum
173 1769 275 1832 genus
292 1746 565 1830 reprehensorum,
585 1745 700 1829 quibus
709 1745 907 1812 Academiae
919 1746 1000 1811 ratio
1014 1767 1079 1812 non

50 1841 221 1927 probatur3
256 1840 355 1924 quod.
368 1839 498 1926 gravius
525 1839 695 1918 ferremus,
731 1839 759 1904 si
784 1839 953 1925 quisquam
980 1840 1079 1906 ullam

52 1933 255 2022 disciplinam
285 1933 503 2021 philosophiae
533 1934 683 2020 probaret
712 1945 949 2020 praeteream,
981 1954 1080 2020 quam

52 2032 123 2117 ipse
141 2041 334 2115 sequeretur.
376 2051 435 2096 nos
453 2040 575 2109 autem,
593 2029 745 2114 quoniam
762 2041 872 2096 contra
888 2031 1005 2110 omnis,
1023 2031 1080 2116 qui

51 2147 85 2192 ee
102 2127 179 2190 scire
201 2127 410 2200 arbitrantur„
432 2123 537 2190 dicere
561 2147 643 2211 quae
666 2125 815 2191 videntur
836 2127 988 2204 solemus,
1014 2148 1080 2193 non

53 2241 234 2307 possumus,
252 2220 331 2304 quin
349 2219 402 2284 alii
419 2219 547 2284 anobis
566 2219 767 2298 dissentiant,
784 2242 945 2288 recusare:
967 2240 1080 2306 quam·

51 2337 153 2402 quam
169 2325 279 2382 nostra
290 2313 421 2399 quidem
433 2336 531 2380 causa
547 2314 649 2380 facilis
664 2325 722 2393 est,
739 2314 796 2400 qui
809 2337 922 2384 verum
937 2315 1080 2382 invenire

53 2411 124 2476 sine
142 2409 209 2475 ulla
225 2408 426 2484 contentione
439 2409 598 2487 volumus,
614 2409 713 2494 idque
726 2433 851 2478 summa
865 2433 942 2488 cura
959 2411 1080 2476 studio-

52 2525 118 2588 que
144 2503 367 2588 conquirimus.
412 2503 471 2568 etei
498 2503 583 2569 enim
608 2504 709 2568 omnis
736 2503 874 2591 cognitio
897 2505 1004 2571 multis
1032 2517 1081 2571 est

54 2599 222 2664 obstructa
245 2597 484 2664 difficultatibus
506 2619 608 2682 eaque
632 2609 681 2664 est
703 2609 735 2664 et
755 2599 789 2664 in
810 2599 888 2685 ipsis
905 2599 1001 2666 rebus
1023 2599 1081 2664 ob-

54 2695 190 2760 scuritas
202 2704 234 2759 et
249 2693 284 2758 in
300 2692 425 2759 iudiciis
442 2693 560 2758 nostris
576 2693 753 2771 infirmitas,
770 2705 808 2759 ut
823 2717 887 2761 non
902 2694 969 2760 sine
984 2716 1082 2760 causa

54 2789 267 2873 antiquissimi
288 2799 321 2854 et
343 2788 516 2855 doctissimi
538 2789 681 2855 invenire
703 2812 738 2855 se
760 2809 853 2876 posse
876 2789 963 2874 quod
985 2811 1081 2876 cupe-

52 2895 127 2950 rent
153 2883 249 2949 diffisi
276 2884 352 2962 sint,
383 2895 491 2950 tamen
519 2907 579 2950 nec
608 2885 655 2950 illi
682 2885 867 2952 defecenmt
892 2906 996 2971 neque
1021 2907 1080 2952 nos

53 2978 197 3046 studium
209 2978 396 3063 exquirendi
410 2979 575 3065 defatigati
589 2980 818 3065 relinquemus3
836 3002 940 3065 neque
953 2991 1081 3046 nostrae

54 3072 284 3162 disputationes
307 3073 480 3157 quicquam
496 3074 584 3140 aliud
606 3086 707 3162 agrmt
723 3074 785 3140 nisi
801 3086 836 3140 ut
858 3075 891 3140 in
913 3087 1081 3161 utramque

53 3179 180 3255 partem
203 3168 337 3234 dicendo
360 3167 487 3235 eliciant
510 3179 546 3235 et.
564 3179 728 3254 tamquam
749 3170 929 3257 exprimant
950 3169 1081 3255 aliquid,

53 3262 144 3346 quod
169 3274 226 3328 aut
250 3285 363 3328 verum
384 3263 426 3328 sit
447 3273 504 3329 aut
525 3264 567 3328 ad
589 3264 624 3328 id
645 3284 743 3348 quam
769 3263 914 3350 proxime
940 3264 1080 3331 accedat.

54 3379 115 3422 nec
131 3357 214 3422 inter
230 3378 289 3422 nos
306 3367 339 3424 et
356 3379 425 3436 eos,
449 3358 505 3442 qui
522 3381 556 3424 se
578 3358 658 3424 scire
680 3359 886 3437 arbitrantur,
909 3359 1080 3443 quicquam
1098 3379 1111 3418 s

53 3451 200 3530 interest,
225 3451 288 3517 nisi
314 3453 401 3536 quod
425 3452 473 3518 illi
497 3474 563 3518 non
588 3453 737 3518 dubitant
757 3453 835 3538 quin
857 3475 896 3518 ea
917 3475 994 3518 vera
1019 3453 1080 3518 sint

54 3568 140 3631 quae
158 3544 343 3625 defendunt,
360 3569 419 3612 nos
436 3547 614 3634 probabilia
630 3547 732 3614 multa
748 3549 912 3625 habemus,
931 3569 1013 3633 quae
1031 3570 1081 3614 sc·

55 3642 113 3726 qui
129 3642 233 3722 facile,
252 3643 418 3708 adfirmare
436 3643 491 3708 vix
508 3665 687 3729 possumus.
715 3644 777 3709 hoc
793 3655 901 3709 autem
917 3643 1080 3708 liberiores

55 3747 87 3804 et
114 3736 281 3803 solutiores
309 3759 435 3816 sumus,
462 3738 549 3824 quod
573 3739 700 3825 integra
724 3737 817 3803 nobis
844 3748 895 3804 est
917 3737 1080 3802 iudicandi

55 3841 213 3919 potestas,
238 3855 298 3898 nec
320 3843 356 3899 ιιι
378 3833 498 3910 omnia,
525 3854 607 3919 quae
633 3833 828 3921 praescripta
850 3843 882 3899 et
907 3832 1000 3917 quasi
1021 3832 1080 3897 im-

56 3937 167 4012 perata
188 3927 265 4005 sint,
293 3926 501 3994 defendamus
519 3929 707 3995 necessitate
725 3929 791 3995 ulla
808 3928 961 4014 cogimur.
1004 3949 1079 3992 nam

5 4021 15 4106 ’ς
51 4021 154 4092 ¹ceteri
175 4021 313 4109 primum
335 4033 409 4088 ante
431 4033 578 4090 tenentur
599 4023 756 4102 adstricti,
783 4045 881 4109 quam
898 4022 975 4107 quid
997 4031 1080 4088 esset

5 4125 20 4202 ι
56 4115 212 4202 optimum
225 4117 366 4183 iudicare
379 4127 550 4203 potuerunt
555 4143 565 4198 ;
584 4117 697 4186 deinde
711 4117 923 4184 infirmissimo
937 4129 1077 4204 tempore
