2688 4730
148 399 458 458 AOADEMICORUM
474 399 789 459 POSTERIORUML
808 401 910 458 5-11.
988 449 990 462 ‚
1023 387 1042 454 7

20 529 56 593 ad
77 525 220 594 Graecos
242 527 289 594 ire
306 523 433 614 iubeo],
455 537 492 592 ut
514 551 553 593 ea
570 551 590 592 a
607 526 749 592 fontibus
771 527 878 614 potius
895 524 1043 592 hauriant

19 645 115 706 quam
145 622 265 690 rivulos
296 631 532 700 consectentur3
564 644 647 707 quae
679 631 787 688 autem
816 643 911 688 nemo
939 619 1044 685 adhuc

20 718 177 795 docuerat,
194 738 255 783 nec
271 726 340 782 erat
360 717 448 782 unde
470 716 604 782 studiosi
622 715 703 783 scire
720 727 864 803 possent,
886 739 925 782 ea
942 736 1044 800 quan·

19 825 85 878 tum
102 812 194 899 potui
209 849 254 860 -
269 811 349 878 nihil
370 812 455 878 enim
472 834 591 898 magno
609 833 705 898 opere
724 833 870 878 meorum
886 810 985 876 miror
1001 845 1045 858 -

19 909 80 974 feci
97 919 134 973 ut
151 919 257 974 essent
273 917 349 974 nota
365 906 481 974 nostris
486 933 496 987 3
518 931 538 972 a
557 904 692 973 Graecis
711 907 796 973 enim
817 906 884 993 peti
899 927 964 971 non
985 927 1044 992 po-

19 1013 129 1081 terant,
148 1025 187 1069 ao
203 1013 276 1089 post
292 1002 335 1068 L.
348 1002 436 1069 Aelii
452 1002 554 1069 nostri
571 1024 720 1068 oceasum
737 1023 778 1066 ne
796 1025 816 1066 a
829 1000 955 1066 Latinis
973 999 1043 1083 qui-

19 1098 99 1163 dem.
127 1109 160 1164 et
176 1109 283 1163 tamen
297 1097 332 1162 in
343 1097 405 1162 illis
420 1097 580 1164 veteribus
594 1097 720 1175 nostris,
739 1118 832 1181 quae,
850 1095 1043 1182 Menippum

18 1192 140 1271 imitati,
157 1213 223 1258 non
239 1192 448 1280 interpretati,
467 1194 606 1279 quadam
622 1191 780 1257 hilaritate
799 1190 1044 1278 conspersimus,

18 1309 80 1372 quo
93 1287 219 1353 facilius
232 1288 337 1352 minus
346 1287 432 1354 docti
444 1287 676 1375 intellegerent,
691 1286 889 1352 iucunditate
904 1284 1044 1370 quadam

18 1383 56 1446 ad
75 1383 247 1469 legendum
263 1382 403 1462 invitati,
428 1383 531 1448 multa
552 1383 696 1448 admixta
713 1404 754 1448 ex
771 1380 883 1445 intima
906 1379 1045 1466 philoso-

17 1477 101 1562 phia,
119 1477 220 1543 multa
237 1478 322 1544 diota
336 1477 515 1556 dialectice3
533 1479 568 1544 in
585 1475 832 1554 laudationibus,
850 1476 884 1540 in
901 1475 951 1540 his
967 1474 1045 1562 ipsis

18 1573 241 1657 antiquitatum
263 1573 432 1660 prooemiis
454 1570 644 1661 philosophe
662 1571 800 1639 scribere
818 1569 1045 1646 voluimus‚si

17 1667 111 1731 modo
137 1667 299 1733 consecuti
320 1668 451 1734 sumus?
494 1679 564 1734 tum
585 1690 647 1755 ego
670 1666 774 1733 ‘'sunt
800 1666 932 1752 inquam
955 1664 1079 1773 ‘ista9
1061 1662 1079 1716 3

18 1763 135 1844 Varro,
153 1786 229 1828 nam
242 1786 301 1829 nos
318 1763 353 1829 in
369 1774 479 1830 nostra
497 1764 577 1830 urbe
596 1761 829 1874 peregrinantis
847 1734 1079 1845 errantisque⁹

17 1871 179 1943 tamqnam
199 1859 376 1946 hospitest
376 1883 410 1924 ur
363 1859 500 1924 t'libri
517 1882 609 1947 quaer
598 1859 757 1942 domum
773 1856 984 1934 reduxerunt,
1009 1863 1046 1918 ut

16 1977 182 2040 possemus
209 1955 381 2038 aliquando
402 1955 459 2039 qui
481 1967 513 2022 et
538 1955 596 2021 ubi
623 1977 765 2021 essemus
792 1974 981 2039 agnoscere:
1009 1960 1045 2015 tu

17 2060 153 2114 aetatem
170 2050 302 2135 patriae,
321 2061 357 2115 tu
375 2050 602 2138 descriptiones
621 2064 811 2136 temporum,
831 2061 866 2114 tu
884 2069 1046 2114 sacrorum

16 2145 95 2221 iura,
113 2155 151 2208 tu
167 2145 379 2224 sacerdotum,
397 2158 433 2212 tu
451 2147 669 2225 domesticam,
687 2157 723 2211 tu
740 2145 889 2211 bellicam
907 2141 1046 2228 discipli·

16 2263 101 2318 nam,
119 2250 156 2304 tu
173 2239 283 2306 sedem
299 2243 467 2328 regionum
484 2243 638 2321 locorum,
658 2254 693 2306 tu
708 2240 852 2306 omnium
866 2238 1046 2305 divinarum

17 2335 291 2421 humanarumque
316 2359 423 2403 rerum
449 2338 595 2415 nomina,
622 2359 756 2425 genera,
783 2334 905 2412 officia,
933 2355 1046 2398 causas

18 2432 182 2517 aperuisti,
208 2432 445 2518 plurimumque
471 2435 559 2500 idem
584 2434 687 2522 poetis
713 2432 830 2498 nostris
852 2431 1046 2516 omninoque

17 2525 144 2592 Latinis
165 2537 197 2592 et
218 2527 329 2594 litteris
351 2529 479 2594 luminis
504 2541 537 2596 et
558 2529 664 2595 verbis
689 2525 837 2604 attulisti,
861 2536 956 2610 atque
977 2524 1046 2610 ipse

18 2623 141 2688 varium
158 2633 191 2688 et
208 2621 337 2709 elegans
351 2625 437 2690 omni
454 2625 522 2691 fere
539 2645 672 2690 numero
689 2629 805 2709 poema
822 2621 927 2688 fecisti
943 2619 1047 2705 philo·

13 2717 225 2804 'sophiamque
242 2719 350 2784 multis
367 2719 445 2786 locis
461 2719 635 2798 inchoasti,
653 2718 696 2783 ad
712 2716 941 2804 impellendum
958 2714 1045 2792 satis,

19 2813 58 2876 ad
86 2811 285 2878 edocendum
315 2833 440 2898 parum.
494 2837 624 2880 causam
651 2824 760 2878 autem
785 2809 985 2899 probabilem
1011 2819 1047 2874 tu
1060 2832 1084 2874 ro

18 2907 148 2990 quidem
165 2907 286 2986 adfers3
305 2920 362 2973 aut
379 2909 463 2974 enim
480 2909 608 2978 Graeca
623 2911 731 2996 legere
748 2909 869 2974 malent
886 2905 1047 2991 quierunt

19 3001 149 3078 eruditi,
176 3013 231 3066 aut
252 3025 294 3067 ne
316 3002 397 3070 haec
415 3005 546 3089 quidem
563 3005 620 3090 qui
642 3004 699 3068 illa
715 3002 872 3076 nescient:
900 2999 959 3067 sed
976 3022 1047 3065 eam

18 3096 95 3160 mihi
122 3118 187 3162 non
209 3120 285 3162 sane
306 3099 439 3184 probas:
470 3100 568 3165 immo
590 3122 666 3165 vero
685 3098 765 3164 haec
783 3107 815 3162 et
833 3095 888 3180 qui
911 3095 966 3160 illa
982 3116 1048 3160 non

18 3202 166 3277 poterunt
191 3203 224 3258 et
249 3192 306 3277 qui
329 3191 457 3261 Graeca
478 3206 630 3282 poterunt
654 3217 721 3260 non
746 3201 951 3260 contemnent
977 3214 1046 3256 sua.

19 3287 95 3370 quid
113 3287 198 3352 enim
216 3309 332 3356 causae
350 3302 398 3356 est
420 3312 479 3356 our
495 3297 606 3378 poetas
624 3290 761 3357 Latinos
781 3288 917 3357 Graecis
934 3287 1046 3353 litteris

19 3382 133 3448 cruditi
149 3382 268 3468 legant,
286 3384 492 3473 philosophos
508 3408 574 3452 non
590 3387 721 3474 legant?
746 3409 789 3452 an
812 3384 889 3470 quia
910 3383 1048 3450 delectat

19 3477 153 3556 Ilnnius,
170 3479 345 3560 Pacuvius,
359 3483 492 3562 Accius,
510 3483 605 3548 multi
622 3483 686 3561 alii,
705 3483 761 3568 qui
778 3504 844 3547 non
862 3479 972 3557 verba,
990 3478 1048 3544 sed

19 3573 82 3636 vim
106 3571 306 3640 Graecorum
333 3590 559 3663 expresserrmt
585 3577 772 3664 politanum?
802 3573 1047 3660 quantomagis

18 3668 198 3755 philosophi
215 3669 428 3750 delectabunt,
447 3673 485 3752 si,
502 3684 538 3738 ut
555 3673 602 3738 illi
615 3672 825 3757 Aeschylum,
844 3666 1048 3757 Sophoclem,

18 3763 215 3850 Euripidem,
233 3765 280 3832 sic
292 3766 326 3832 hi
338 3768 510 3834 Platonem
523 3768 696 3847 imitentur,
709 3765 927 3844 Aristotelem,
942 3762 1049 3829 Theo-

18 3861 202 3943 phrastum?
220 3873 361 3930 oratores
376 3865 507 3950 quidem
523 3865 649 3932 laudari
663 3863 767 3940 video,
787 3863 815 3928 si
832 3863 889 3947 qui
902 3885 920 3928 e
933 3861 1048 3926 nostris

18 3955 219 4042 Hyperidem
241 3968 316 4024 sunt
338 3971 395 4024 aut
411 3959 665 4026 Demosthenem
686 3958 812 4024 imitati.
857 3978 918 4044 ego
941 3967 1048 4023 autem
1062 3974 1085 4012 1¹

48 4089 59 4100 ·
76 4053 183 4120 dicam
199 4054 296 4133 enim,
313 4068 351 4120 ut
367 4079 418 4122 res
437 4067 486 4123 ast
501 4091 547 4103 —
564 4057 642 4122 dum
658 4078 711 4121 me
730 4055 877 4132 ambitio,
896 4053 974 4118 dum
991 4052 1048 4117 ho·

18 4171 125 4226 nores,
147 4149 230 4216 dum
252 4173 382 4231 causae,
406 4152 484 4218 dum
505 4152 553 4218 rei
575 4152 724 4238 publicae
746 4172 812 4216 non
834 4147 938 4214 solum
961 4169 1048 4223 eura,

18 4245 73 4308 sed
89 4245 251 4332 quaedam
271 4246 368 4314 etiam
389 4247 571 4334 procuratio
593 4246 701 4314 multis
725 4244 838 4311 officiis
861 4242 1048 4329 inplicatam
