2688 4730
269 241 312 308 26
575 253 614 308 u.
632 223 770 310 annun
786 248 985 308 cronacum
1016 223 1019 229 ’

269 379 389 462 aliquos
413 399 464 444 ex·
477 377 613 463 antiquis
642 377 743 444 claros
765 375 849 442 viros
872 375 1052 461 proferunt,
1078 393 1158 458 qnos
1185 369 1300 438 dicant

249 473 366 552 ⁴fuisse
388 472 566 558 popularis,
592 483 628 538 ut
654 493 763 538 eornm
789 471 852 557 ipsi
874 471 991 536 similes
1018 493 1087 537 esse
1113 468 1298 537 videantur.

268 579 416 655 repetunt
441 568 548 633 inmo
570 567 609 632 P.
633 566 777 644 Valerio,
806 566 862 650 qui
888 566 1007 632 exactis
1032 564 1163 652 regibus
1189 561 1299 649 primo

269 685 352 730 anno
366 663 477 730 consul
494 663 564 738 fuit,
583 672 831 734 commemorant
847 661 996 744 reliquos,
1014 661 1070 746 qui
1086 662 1174 746 leges
1191 681 1300 745 popu-

268 757 343 829 laris
365 758 405 824 de
426 757 706 844 provocationibus
727 755 871 832 tulerint,
899 779 973 821 cnm
999 757 1144 826 consules
1171 767 1298 830 essent3

269 862 337 916 tum
355 852 397 916 ad
414 851 474 918 hos
490 850 638 929 notiores,
658 847 698 924 C.
715 850 920 927 Flaminium,
938 849 995 935 qui
1011 851 1117 936 legem
1134 849 1298 938 agrariam

269 947 389 1030 aliquot
415 947 505 1012 annis
532 958 605 1012 ante
629 946 804 1014 secundum
821 943 982 1012 Punicum
1005 945 1125 1015 bellum
1147 946 1298 1012 tribunus

268 1042 311 1127 pl.
335 1041 441 1108 tulerit
467 1042 567 1108 invito
589 1053 702 1108 senatu
725 1052 757 1108 et
778 1051 890 1128 postea
910 1040 960 1108 bia
984 1041 1095 1108 consul
1117 1041 1222 1109 factam
1245 1039 1298 1116 sit,

170 1153 173 1167 ¹
268 1137 310 1202 L.
330 1133 550 1220 Cassiqu.
563 1137 771 1224 Pompeiusue
788 1136 835 1205 illi
852 1137 980 1221 quidam
999 1136 1096 1205 etiarn
1112 1135 1151 1201 P.
1166 1135 1300 1202 Africa·

269 1255 347 1303 num
368 1228 544 1301 referre'in
565 1232 703 1308 eundem
724 1253 893 1298 numerum
915 1231 1031 1310 solent3
1059 1231 1123 1301 duo
1145 1251 1222 1298 vero
1245 1252 1300 1294 aa·

268 1327 482 1412 pientissimus
508 1338 540 1394 et
572 1327 763 1394 clarissimos
789 1327 918 1403 hanes,
948 1326 988 1392 P.
1017 1324 1171 1394 Crassum
1196 1337 1229 1390 et
1255 1324 1299 1390 P.

270 1419 474 1500 Scaevolam,
507 1421 595 1487 aiunt
621 1421 673 1488 Ti.
701 1419 848 1488 Graccho
874 1422 985 1508 legum,
1009 1432 1154 1500 auctores
1184 1419 1302 1496 firisse,

270 1517 404 1582 alterum
426 1516 555 1600 quidem
574 1514 627 1603 [ut
648 1513 808 1602 videmus]
826 1517 954 1602 palam,
968 1517 1103 1585 alterum
1114 1512 1179 1601 ‘[ut·
1190 1515 1301 1599 suspi-

270 1602 397 1696 canam]
417 1611 593 1678 obscurius.
637 1611 760 1685 addunt
777 1611 875 1676 etiam
893 1608 932 1677 0.
950 1611 1108 1687 Marium3
1126 1620 1159 1675 et
1176 1609 1217 1674 de
1235 1609 1300 1674 hoc

270 1705 399 1790 quidem
415 1705 494 1771 nihil
510 1706 717 1772 mentiuntur.
761 1705 875 1771 horum
890 1705 1072 1772 nominibus
1090 1715 1137 1769 tot
1153 1704 1301 1770 virorum

270 1812 365 1886 atque
383 1812 543 1868 tantorum
561 1801 726 1888 expositis,
753 1823 863 1866 eorum
880 1823 915 1867 se
936 1799 1116 1868 institutum
1133 1799 1228 1883 sequi
1250 1799 1302 1864 di-

232 1919 257 1962 u
269 1910 361 1964 cunt:
380 1897 523 1963 similiter
536 1919 603 1974 vos,
622 1919 696 1962 cum
712 1896 908 1983 perturbare,
926 1907 963 1962 ut
978 1896 1025 1964 illi
1037 1919 1105 1964 rem
1122 1895 1301 1982 publicam,

270 1993 315 2058 sic
332 2013 390 2057 vos
413 1991 647 2078 philosophiam
669 1992 750 2058 benc
772 1990 837 2057 iam
855 1991 1058 2058 constitutam
1074 1989 1193 2069 velitis,
1218 1989 1302 2056 Em-

268 2087 433 2174 pedoclen,
451 2087 678 2172 Anaxagoran,
697 2085 929 2163 Democritum,
946 2085 1170 2164 Parmeniden,
1182 2085 1303 2151 Xeno-

268 2181 406 2268 phanen,
425 2181 595 2248 Platonem
608 2182 703 2248 etiam
719 2191 750 2248 et
760 2179 926 2248 Socratem
940 2181 1103 2268 profertis3
1122 2181 1179 2246 sed
1191 2203 1302 2265 neque

271 2276 480 2354 Saturninus,
507 2287 544 2342 ut
561 2287 706 2346 nostrum
723 2276 889 2344 inimicum
906 2277 1107 2364 potissimum
1123 2276 1302 2353 nominem,

270 2371 371 2438 simile
394 2371 568 2460 quicquam
588 2371 701 2439 habuit
723 2382 868 2438 veterum
890 2372 1030 2450 illorum,
1053 2393 1113 2437 neo
1131 2372 1301 2438 Arcesilae

270 2467 431 2542 calumnia
446 2467 639 2543 moserata
662 2478 711 2534 est
733 2489 807 2534 cum
824 2466 1002 2534 Democriti
1019 2466 1222 2534 verecundia.
1271 2479 1302 2531 et

270 2575 377 2628 tamen
398 2561 453 2630 isti
477 2561 602 2648 physici
624 2585 695 2628 raro
719 2563 906 2640 admodum,
933 2584 1007 2627 cum
1032 2561 1164 2626 haerent
1190 2561 1302 2644 aliquo

269 2655 351 2736 loco,
365 2657 545 2725 exclamant
557 2657 649 2741 quasi
660 2668 767 2724 mente
780 2657 911 2734 incitati,
929 2653 1146 2742 Empedocles·
1156 2656 1302 2740 quidem,

270 2764 306 2818 ut
328 2753 488 2830 interdura
509 2751 588 2825 mihi
609 2752 715 2818 furere
738 2753 897 2830 videatur,
919 2753 1066 2820 abstrusa
1088 2774 1157 2818 esse
1180 2752 1302 2829 omnia,

271 2847 349 2914 nihil
374 2871 438 2914 nos.
456 2848 587 2925 sentire,
613 2847 693 2914 nihil
715 2870 859 2926 cernere,
885 2848 964 2916 nihil
986 2847 1114 2912 omnino
1136 2847 1231 2931 quale
1262 2848 1303 2912 sit

271 2963 364 3030 posse
382 2943 535 3029 reperire:
552 2943 706 3010 maiorem
723 2954 831 3010 autem
847 2954 972 3030 partem
990 2942 1068 3007 mihi
1082 2942 1212 3026 quidem
1230 2963 1304 3008 om·

270 3061 327 3109 nos
345 3038 563 3107 isti'videntur
579 3039 673 3104 nimis
692 3040 787 3105 ctiam
800 3040 959 3125 quaedam
977 3037 1144 3106 adfirmare
1161 3038 1304 3123 plusque

233 3148 258 3190 1⁵
270 3133 465 3220 profiteri-se
487 3133 566 3199 scire
584 3155 681 3218 quam
703 3134 814 3202 sciant.
859 3134 946 3218 quod
964 3133 991 3198 si
1007 3133 1052 3199 illi
1070 3143 1139 3198 rum
1155 3131 1189 3198 in
1207 3134 1304 3200 novis

271 3228 382 3306 rebus,
407 3228 500 3312 quasi
516 3229 612 3293 modo
634 3239 816 3306 nascentes,
839 3228 1090 3305 haesitaverunt,
1112 3225 1233 3295 nihilne
1254 3241 1304 3295 tot

272 3323 423 3400 saeculis,
448 3323 581 3390 summis
602 3323 753 3410 ingeniis,
780 3324 939 3388 maxumis
965 3322 1078 3390 studiis
1105 3319 1228 3408 explica
1243 3345 1304 3388 um

272 3419 441 3504 putamus?
479 3441 600 3496 mnne,
631 3441 705 3484 cum
729 3419 794 3486 iam
824 3417 1085 3506 philosophorum
1112 3416 1305 3502 disciplinae

272 3512 479 3599 gravissimae
501 3512 728 3591 constitissent,
747 3525 816 3580 tum
834 3525 962 3580 exortus
981 3523 1042 3589 est,
1061 3511 1149 3578 utin
1165 3523 1306 3598 optuma

272 3630 307 3674 re
328 3607 458 3693 publica
474 3607 525 3676 Ti.
545 3607 726 3686 Gracchus,
749 3609 805 3692 qui
823 3609 923 3675 otium
939 3607 1153 3694 perturbaret,
1171 3607 1217 3674 sic
1233 3609 1306 3674 Ar·

273 3703 396 3780 casilaa
410 3704 465 3788 qui
479 3705 682 3776 constitutam
694 3704 927 3791 philosophiam
937 3714 1091 3770 everteret
1101 3715 1133 3770 et
1145 3701 1304 3770 incorum

274 3797 459 3867 anctoritate
486 3799 689 3876 delitisceret,
716 3799 772 3884 qui
796 3799 1001 3885 negavissent
1026 3798 1200 3882 quicquam
1225 3799 1303 3864 sciri

274 3904 330 3958 aut
354 3893 474 3980 percipi
499 3897 620 3981 pessel·
642 3917 779 3980 quorum
805 3917 823 3960 e
849 3915 983 3961 numero
1007 3892 1174 3964 tolandus·
1193 3904 1242 3958 est
1270 3905 1304 3958 et

272 3989 367 4054 Plato
386 4002 417 4055 et
431 3989 594 4058 Socrates:
618 3991 713 4069 alter,
736 3989 812 4074 quia
829 3988 956 4074 reliquit
973 3987 1235 4074 perfectissimam
1250 3983 1306 4058 di-

275 4085 450 4176 sciplinam,
467 4085 698 4172 Peripateticos
716 4096 749 4152 et
766 4081 988 4161 Academicos,
1005 4080 1190 4153 nominibus
1205 4079 1303 4149 diffe-
