2688 4730
198 305 508 364 AOADEMICORUM
523 305 700 364 PRIORUM
716 305 755 362 11.
772 305 883 362 18—22.
1007 289 1051 355 29

33 439 85 495 aut
104 429 317 494 contrabimus
335 439 391 495 ant
408 430 596 508 diducimus,
615 430 778 516 multaque
796 428 930 496 facimus
948 448 1052 511 usque

33 546 78 601 eu,
98 525 174 590 dum
187 536 335 610 aspectus
352 525 420 610 ipse
437 524 533 590 fidem
546 525 644 591 faeiat
661 526 710 591 sui
722 524 841 591 iudicii.
863 523 949 608 quod
966 522 1053 587 idem

32 618 66 682 fit
81 618 116 682 in
133 619 279 696 vocibus,
296 620 330 683 in
347 620 459 697 odore,
475 619 510 684 in
527 642 656 706 sapore,
679 630 715 685 ut
731 641 826 686 nemo
843 619 883 684 sit
899 628 1052 694 nostrum,

33 711 86 795 qui
110 712 145 777 iu
171 713 316 783 sensibus
341 714 390 778 sui
412 714 566 798 cuiusque
587 715 713 801 generis
734 713 887 780 iudicium
913 711 1054 797 requirat

33 806 144 872 acrius.
188 807 330 872 adhibita
347 830 422 874 vero
441 810 665 874 exercitatione
687 819 719 874 ιι
742 820 809 875 arte
828 807 880 897 [ut
901 807 985 874 oculi
1005 806 1054 892 pi·
1066 825 1093 867 so

34 913 121 966 ctnra
141 911 322 980 teneantur,
349 926 441 970 aures
465 901 643 990 cantibus,]
670 904 755 988 quis,
768 914 817 970 est
837 903 915 987 quin
937 912 1054 979 cernat,

33 1007 150 1079 quanta
172 996 220 1062 vis
243 996 284 1062 sit
305 998 340 1062 in
357 999 522 1064 sensibus?
552 1019 649 1082 quam
666 1000 766 1064 multa
788 998 897 1064 vident
917 997 1053 1083 pictores

32 1090 64 1154 in
81 1090 201 1156 umbris
219 1091 302 1156 etin
320 1092 499 1171 eminentia,
518 1114 600 1177 quae
616 1117 677 1159 nos
694 1116 759 1160 non
776 1090 934 1158 videmusl
958 1112 1055 1175 quam

32 1184 141 1261 multa,
154 1206 241 1268 quae
255 1207 314 1250 nos
332 1185 487 1273 fugiunt
478 1211 511 1251 ιιι
526 1198 631 1264 cantu,
649 1188 845 1254 exaudiunt
836 1211 870 1252 ιιι
883 1208 921 1252 ιο
938 1207 1055 1272 genere

32 1374 123 1437 aiunt
138 1383 195 1438 aut
207 1373 478 1454 Andromacham,
496 1400 570 1444 cum
585 1378 620 1444 id
635 1400 696 1444 nos
712 1401 754 1445 ιιι
772 1377 967 1465 suspicemur
984 1374 1055 1460 qui·

32 1466 115 1530 dem.
159 1466 238 1532 nihil
260 1491 389 1536 necesse
408 1481 455 1536 est
476 1471 516 1537 de
538 1483 670 1558 gustatu
688 1485 720 1539 et
743 1473 877 1538 odoratu
896 1468 1031 1555 loqui,
1021 1492 1055 1533 m

31 1560 148 1643 quibus
166 1561 391 1650 intellegentia,
410 1565 588 1646 etsivilior,
606 1578 655 1634 est
667 1567 824 1652 quaedam
838 1577 955 1632 tamen.
978 1563 1056 1647 quid

32 1657 73 1720 de
91 1666 193 1735 tactu,
215 1669 247 1722 et
265 1680 302 1724 eo
321 1661 464 1744 quidem,
487 1684 583 1748 quem
600 1663 779 1750 philosophi
801 1662 982 1728 interiorem
1000 1681 1056 1724 vo-

31 1761 116 1828 cant,
143 1763 198 1816 aut
220 1753 336 1819 doloris
358 1767 413 1821 aut
435 1757 627 1843 voluptatis?
656 1757 691 1822 in
713 1778 776 1841 quo
795 1752 966 1841 Cyrenaici
987 1753 1055 1819 solo

30 1859 146 1931 putant
168 1846 236 1912 veri
258 1871 327 1914 esse
351 1849 519 1928 iudicium,
545 1851 597 1917 cui
622 1851 831 1917 adsentiatur:
849 1885 894 1896 -
909 1857 1055 1935 potestne

30 1941 131 2026 igitur
156 1941 325 2027 quisquam
348 1943 452 2011 dicere
473 1946 556 2012 inter
578 1969 667 2026 eum,
693 1945 750 2030 qui
774 1945 894 2022 doleat,
922 1953 954 2009 et
974 1942 1056 2007 inter

32 2058 122 2112 eum,
148 2037 203 2120 qui
224 2037 257 2101 in
278 2039 440 2124 voluptate
463 2040 519 2118 sit,
544 2041 624 2107 nihil
644 2041 816 2107 interesse?
837 2050 908 2116 aut,
934 2037 979 2102 ita
1001 2035 1056 2120 qui

31 2131 157 2207 sentiet,
174 2153 239 2196 non
257 2134 452 2218 apertissime
469 2136 625 2207 insaniat?
647 2136 736 2221 atqui
753 2135 860 2221 qualia
876 2132 1094 2207 sunthusen

32 2247 119 2308 quae
137 2227 281 2292 sensibus
299 2229 420 2314 percipi
440 2230 588 2307 dicimus,
607 2232 683 2296 talia
700 2240 877 2315 sequuntur
894 2251 947 2306 ea,
974 2247 1056 2310 quae

30 2341 100 2384 non
122 2320 265 2387 sensibus
286 2323 364 2410 ipsis
386 2325 508 2411 percipi
531 2326 694 2402 dicuntur,
720 2326 777 2390 sed
799 2324 939 2408 quodam
961 2321 1056 2386 modo

31 2414 195 2493 sensibus,
217 2428 254 2482 ut
269 2417 362 2483 baec:
386 2420 480 2485 ‘illud
503 2431 552 2486 est
569 2421 688 2499 album,
705 2420 768 2486 hoc
785 2420 888 2496 dulce,
906 2439 1057 2485 canorum

29 2509 128 2586 illud,
153 2510 214 2576 hoc
231 2511 312 2577 bene
329 2513 432 2592 olens,
458 2515 519 2581 hoe
542 2515 710 2602 asperum?
764 2514 870 2580 animo
892 2513 957 2577 iam
978 2511 1057 2576 haec

30 2615 178 2669 tenemus
210 2607 446 2692 conprehensa,
480 2631 546 2676 nou
576 2610 731 2676 sensibus.
793 2607 875 2673 ‘ille’
908 2606 1057 2690 deinceps

30 2704 153 2780 ‘equus
180 2711 243 2778 cst,
268 2700 322 2767 ille
348 2702 455 2768 canis!
508 2715 614 2771 cetera
639 2703 736 2770 series
764 2702 879 2768 deinde
905 2700 1057 2785 sequitur,

27 2793 156 2858 maiora
167 2805 307 2874 nectens,
321 2808 362 2862 ut
373 2797 465 2876 haec,
484 2820 567 2882 quae
581 2799 674 2884 quasi
688 2798 847 2884 expletam
859 2817 965 2860 rerum
984 2815 1059 2858 oon-

27 2886 276 2972 prehensionem
301 2893 548 2977 amplectuntur:
582 2894 625 2959 ‘si
650 2893 757 2959 homo·
775 2902 839 2970 est,
867 2890 984 2956 animal
1011 2899 1060 2956 est

26 2983 327 3060 murmurationis
344 2988 522 3074 particeps?
569 3011 632 3074 quo
650 3011 668 3054 e
685 3010 802 3075 genere
819 2986 911 3052 uobis
928 2983 1057 3050 notitiae

27 3099 141 3140 rerum
162 3076 389 3164 inprimuntur,
415 3081 483 3148 sine
504 3081 621 3168 quibus
642 3104 702 3149 nco
723 3082 757 3147 in
757 3081 865 3167 etllegi
887 3081 1058 3164 quicquam

26 3193 92 3236 nec
111 3173 221 3254 quaeri
238 3174 432 3260 disputariue
449 3188 562 3289 potest.
605 3176 735 3262 quod
711 3199 738 3242 ιι
760 3186 867 3242 essent
882 3174 982 3240 falsae
999 3183 1095 3237 ιιι-ιι

27 3265 122 3330 titiae
136 3299 183 3312 ·-
201 3264 269 3334 lavo
272 3274 325 3348 ίας
347 3271 432 3336 enim
454 3272 582 3338 notitias
601 3271 760 3382 appellare
784 3281 820 3336 tu
836 3263 988 3334 videbare
1003 3301 1058 3344 -,

27 3360 58 3423 si
80 3359 181 3446 igitur
202 3373 308 3428 essent
325 3387 382 3431 ιιι
399 3365 498 3434 falsae
523 3376 579 3432 aut
596 3366 664 3433 eius
681 3365 816 3432 modi'
786 3364 862 3430 usis
884 3363 1057 3471 inpressae,

27 3455 189 3538 qualia
159 3479 228 3522 usa
244 3482 265 3522 a
281 3458 370 3525 falsis
388 3460 524 3527 discerni
544 3483 610 3527 non
626 3471 772 3547 possent,
791 3480 855 3542 quo
873 3456 1038 3523 tandem''
1017 3478 1056 3520 ns

26 3549 129 3614 modo
147 3554 327 3618 uteremur?
349 3575 413 3638 quo
428 3556 531 3621 modo
550 3565 674 3632 autem,
692 3554 769 3639 quid
786 3553 901 3636 cuique
918 3550 966 3616 rei
983 3571 1058 3615 con·

26 3648 221 3712 sentaneum
239 3660 332 3727 esset,
350 3644 428 3733 quid
443 3661 645 3736 repugnaret,
663 3646 863 3714 videremus?
888 3643 1059 3711 memoriae

25 3739 164 3822 quidem
181 3753 281 3820 certe,
307 3765 389 3827 quae
407 3767 471 3810 non
487 3745 583 3810 modo
607 3742 855 3831 philosophiam,
882 3741 939 3807 sed
956 3739 1059 3805 omnis

25 3837 115 3901 vitae
143 3859 220 3903 usus
242 3839 409 3923 omnisque
435 3838 511 3905 artis
536 3861 602 3904 una
627 3838 768 3904 maximo
793 3836 949 3914 continet,
979 3834 1059 3900 nihil

24 3931 162 3996 omnino
178 3931 240 3998 loci
258 3933 458 4044 relinquitur.
497 3956 580 4018 quae
596 3943 702 4019 potest
718 3931 805 3997 enim
821 3953 891 3996 esse
908 3928 1072 3995 memoria¹

20 4027 206 4092 falsorum?
236 4038 292 4093 aut
309 4027 387 4112 quid
403 4027 573 4115 quisquam
590 4026 750 4104 meminit,
768 4025 855 4110 quod
871 4045 937 4089 non
953 4022 1058 4090 animo

19 4121 260 4207 conprehendit
287 4131 320 4187 et
344 4123 449 4189 teneti
481 4146 531 4188 ars
557 4144 633 4190 vero
659 4143 743 4207 quae
772 4130 878 4207 potest
902 4140 973 4186 asse
996 4116 1058 4184 nisi
