2688 4730
146 283 147 286 ‘
258 297 301 364 56
565 309 604 364 u.
622 309 758 368 runnu
776 306 976 368 crcnnorus

258 436 384 504 falsum.
429 433 507 518 quid
527 432 644 522 igitur?
672 432 752 499 haec
773 456 850 500 vcra
877 456 918 498 an
943 431 1025 498 falsu
1051 433 1145 498 sunt?
1175 433 1218 498 ‘si
1249 444 1283 500 te

257 530 384 596 mentiri
397 529 475 594 dicis
488 528 585 612 idque
598 551 710 594 verum
723 527 812 606 dicis,
830 527 971 594 mentiris
986 551 1028 592 an
1041 549 1153 594 verum
1166 527 1282 594 dicis?'

257 627 337 692 haec
355 624 474 691 scilicet
489 623 725 710 inexplicabilia
743 645 812 690 esse
830 621 945 689 dicitis.
971 623 1058 707 quod
1076 634 1124 689 est
1139 623 1283 690 odiosius

257 744 355 807 quam
375 721 444 798 illa,
471 741 554 804 quae
579 741 637 786 nos
664 741 730 785 non
752 719 970 805 conprehensa
993 730 1025 785 et
1041 740 1107 785 non
1129 739 1284 808 percepta

206 834 241 890 30
257 817 402 884 dicimus.
446 814 503 880 sed
524 813 585 880 hoc
603 814 729 882 omitto:
752 813 832 880 illud
848 835 983 900 quaero,
1006 813 1034 878 si
1050 813 1112 880 ista
1129 813 1284 900 explicari

257 934 323 980 non
347 921 494 1001 possunt,
520 931 581 976 nec
602 933 713 976 eorum
738 910 840 975 ullum
865 909 1020 976 iudicium
1044 909 1219 987 invenitur,
1245 921 1284 974 ut

255 1007 447 1094 respondere
464 1005 589 1093 possitis
607 1027 724 1074 verane
741 1027 784 1070 an
805 1004 887 1070 falsa
904 1006 982 1083 sint,
1004 1003 1061 1070 ubi
1084 1017 1132 1071 est
1153 1005 1209 1070 illa
1226 1003 1284 1070 de-

254 1103 372 1181 finitio,
396 1101 528 1168 effatum
550 1122 619 1166 esse
636 1099 685 1177 id,
707 1099 794 1184 quod
812 1109 868 1166 ant
883 1121 996 1168 verum
1013 1110 1069 1166 aut
1085 1099 1204 1178 falsum
1221 1099 1283 1164 sit?

254 1189 350 1264 rebus
364 1196 498 1282 sumptis
512 1195 685 1283 adiungam
699 1195 792 1261 exiis
806 1195 985 1281 sequendae
1001 1217 1070 1262 esse
1089 1193 1182 1274 alias,
1202 1193 1281 1262 alias

209 1313 234 1354 ae
254 1291 479 1380 inprobandas,
494 1313 577 1376 quae
593 1289 701 1358 sintin
714 1312 831 1378 genero
845 1289 1017 1358 contrario:
1036 1311 1101 1375 quo
1114 1289 1211 1356 modo
1220 1289 1281 1376 igi-

255 1399 308 1455 tur
324 1387 385 1453 hoc
402 1385 587 1454 conclusum
605 1407 674 1451 csse
690 1383 833 1452 iudicas?
859 1384 902 1450 ‘si
920 1384 998 1454 dicis
1015 1407 1102 1453 nunc
1123 1386 1231 1454 lucere
1248 1396 1280 1450 et

254 1505 366 1548 verum
385 1479 473 1559 dicis,
493 1481 582 1557 lucet3
604 1483 679 1546 dicia
697 1491 797 1546 cuum
814 1503 895 1546 ncnc
913 1481 1007 1546 lacere
1025 1493 1053 1546 et
1069 1503 1173 1546 omum
1190 1483 1281 1548 dias:

220 1621 225 1628 ·
254 1578 339 1644 lucet
360 1575 477 1663 igitur!
520 1574 662 1662 probatis
680 1585 764 1642 certe
786 1591 888 1662 genus
906 1587 938 1642 et
960 1575 1134 1642 rectissime
1151 1577 1281 1642 conclu·

255 1695 326 1741 sum
344 1670 461 1748 dicitis;
484 1669 592 1754 itaque
609 1669 643 1738 in
660 1669 803 1736 docendo
821 1693 895 1736 eum
911 1668 1052 1756 primum
1068 1671 1279 1739 concludendi

254 1766 386 1838 modum
403 1764 540 1832 traditis:
559 1776 615 1831 aut
632 1764 784 1850 quicquid
801 1765 899 1852 igitur
911 1767 1024 1838 eodem
1041 1766 1137 1832 modo
1151 1767 1280 1832 conclu·

256 1862 341 1927 ditur
356 1860 548 1947 probabitis,
571 1871 626 1926 aut
648 1883 700 1926 ars
720 1861 783 1926 ista
804 1861 892 1929 nulla
909 1873 967 1928 est.
1011 1862 1084 1927 vide
1102 1883 1180 1948 ergo
1197 1861 1279 1928 hanc

255 1955 491 2024 conclusionem
514 1954 747 2041 probaturusne
770 1955 827 2022 sis:
857 1955 900 2020 ‘si
921 1956 999 2023 dicis
1022 1967 1054 2022 te
1075 1955 1204 2022 mentiri
1227 1979 1279 2021 ve·

254 2073 389 2136 rumque
408 2049 496 2127 dicis,
514 2049 656 2115 mentiris
661 2073 671 2126 ;
689 2049 768 2115 dicis
786 2060 893 2116 autem
910 2060 942 2118 te
959 2051 1086 2117 mentiri
1103 2073 1278 2136 verumque

256 2146 349 2216 dicis:
371 2145 512 2212 mentiris
530 2144 647 2231 igitur!
674 2144 730 2230 qui
753 2156 844 2230 potes
861 2145 944 2211 hanc
956 2166 1022 2211 non
1038 2145 1185 2232 probare,
1207 2167 1279 2212 curn

255 2239 441 2326 probaveris
455 2239 597 2305 eiusdem
613 2239 739 2326 generis
758 2240 971 2325 superiorem?
988 2240 1068 2306 haec
1078 2237 1279 2328 Chrysippea

256 2346 343 2413 sunt,
370 2357 412 2400 ne
434 2333 475 2400 ab
501 2335 571 2420 ipso
594 2335 725 2420 quidem
746 2333 913 2414 dissoluta3
940 2335 1019 2420 quid
1047 2335 1133 2402 enim
1158 2335 1280 2404 faceret

254 2429 328 2495 huic
361 2428 555 2500 conclusioni
590 2429 633 2495 ‘si
662 2428 762 2506 lucet,
794 2430 894 2508 lucet3
924 2431 1010 2498 lucet
1035 2441 1158 2500 autem:
1191 2431 1278 2498 lucet

253 2524 388 2611 igitur’?
419 2523 545 2592 cederet
570 2525 719 2601 scilicet3¹
737 2523 807 2610 ipsa
833 2525 917 2592 enim
943 2525 1023 2594 ratio
1050 2525 1177 2604 conexi,
1206 2547 1280 2592 cum

255 2619 448 2688 concesseris
466 2618 622 2705 superius,
642 2619 727 2705 cogit
744 2619 876 2685 inferius
894 2620 1075 2687 concedere.
1105 2620 1185 2705 quid
1203 2643 1279 2706 ergo

256 2715 336 2782 haec
358 2716 399 2781 ab
431 2715 486 2782 illa
508 2713 710 2781 conclusione
733 2715 839 2782 differt
873 2715 915 2780 ‘si
940 2715 1096 2795 mentiris,
1123 2715 1279 2794 mentiris;

255 2811 398 2877 mentiris
423 2820 545 2878 autem:
572 2809 713 2878 mentiris
739 2811 872 2898 igitur’?
914 2809 976 2877 hoc
1001 2833 1101 2898 negas
1126 2821 1158 2878 te
1184 2834 1278 2898 posse

255 2926 315 2970 nec
332 2904 509 2991 adprobare
526 2926 586 2971 nec
602 2904 779 2992 inprobare.
824 2905 880 2990 qui
896 2905 995 2992 igitur
1010 2905 1115 2992 magis
1131 2905 1232 2974 illud?
1254 2907 1280 2971 si

97 3085 100 3092 Ι
256 3022 322 3079 ars,
342 3000 377 3066 si
398 2999 493 3079 ratio,
520 2999 548 3066 si
570 3000 636 3080 via,
664 2999 691 3066 si
713 3000 761 3066 vis
785 2999 921 3084 denique
948 3000 1158 3068 conclusionis
1182 3000 1278 3080 valet,

209 3115 233 3157 cr
256 3096 369 3164 eadem
395 3107 443 3162 est
468 3095 502 3162 in
526 3106 671 3181 utroque.
717 3095 776 3162 sed
796 3094 858 3162 hoc
882 3106 1060 3164 extremum
1082 3118 1194 3162 corum
1217 3108 1278 3163 est:

255 3192 418 3278 postulant
438 3201 475 3255 ut
496 3191 695 3276 excipiantur
716 3189 797 3257 haec
819 3189 1065 3277 inexplicabilia.
1113 3190 1277 3258 tribunum

257 3285 395 3372 aliquem
412 3306 526 3352 censeo
550 3285 694 3354 videant:
721 3309 742 3351 a
757 3307 809 3352 me
831 3286 926 3352 istam
944 3285 1164 3372 exceptionem
1185 3309 1279 3352 num·

255 3402 352 3466 quam
374 3381 587 3468 inpetrabunt.
631 3379 749 3446 etenim
765 3403 840 3446 cum
863 3381 904 3448 ab
921 3379 1077 3468 Epicuro,
1099 3380 1157 3466 qui
1179 3391 1278 3448 totam

256 3477 453 3544 dialecticam
462 3487 494 3544 et
502 3476 673 3543 contemnit
682 3487 715 3542 et
726 3474 853 3555 inridet,
868 3498 933 3544 non
946 3478 1103 3562 inpetrent
1116 3487 1277 3542 utrarum

255 3594 324 3638 esse
347 3571 515 3652 concedat,
536 3571 624 3657 quod
643 3570 689 3638 ita
710 3569 880 3639 effabimur
904 3578 976 3637 ‘aut
997 3569 1084 3636 vivet
1104 3592 1174 3637 cras
1192 3571 1278 3637 Her-

255 3667 402 3732 marchus
434 3678 489 3733 aut
518 3688 584 3732 non
614 3665 723 3744 rivet,’
755 3688 829 3734 cum
860 3666 1027 3736 dialectici
1046 3665 1094 3732 sic
1125 3677 1276 3743 statuant,

256 3783 363 3840 omne,
395 3761 482 3846 quod
507 3760 553 3828 ita
578 3759 772 3828 disiunctum
798 3760 853 3840 sit,
886 3760 978 3845 quasi
1004 3761 1196 3828 ‘autetiam
1222 3769 1276 3826 ant

255 3857 333 3922 non’
360 3877 425 3922 non
446 3855 542 3923 modo
558 3878 670 3925 verum
686 3878 773 3934 esse,
795 3854 853 3922 sed
874 3856 971 3925 etiam
987 3856 1215 3924 necessariume
1228 3889 1277 3922 .-

255 3952 328 4019 vide
341 3974 438 4037 quam
455 3951 496 4018 sit
514 3961 603 4018 canu
620 3950 659 4030 is,
676 3973 772 4036 quem
788 3950 841 4020 isti
854 3951 981 4019 tardum
993 3962 1120 4038 putant3
1139 3951 1275 4028 sienim,

254 4046 373 4130 inquit,
395 4047 581 4118 alterutrum
599 4067 784 4114 concessam
806 4045 1021 4114 necessarium
1037 4067 1122 4123 esse,
1142 4068 1274 4113 necessa

255 4141 316 4210 erit
336 4163 405 4206 cras
423 4139 658 4210 Hermarchum
679 4151 734 4208 aut
756 4140 863 4208 vivere
885 4153 1021 4208 autnon
1043 4140 1165 4220 vivere;
1187 4142 1275 4208 nulla
