2688 4730
185 348 493 408 AOADEMICORUM
509 350 785 408 POSTERIORUM
801 350 824 404 I.
842 351 953 406 25-32.
1040 336 1081 402 13

53 499 131 543 cum
147 476 192 542 ita
208 486 374 542 moveatur
390 476 445 540 illa
461 475 520 554 vis,
538 497 635 560 quam
648 475 833 559 qualitatem
848 498 917 542 esse
932 475 1080 554 diximus,

53 583 184 638 etcum
212 571 258 636 sic
283 571 366 636 ultro
384 570 525 653 citroque
551 580 708 647 versetur,
734 579 766 636 et
791 571 957 635 materiam
978 569 1081 656 ipsam

52 678 156 732 totam
172 665 299 751 penitus
313 665 632 754 commutariputant
649 676 681 730 et
697 665 752 730 illa
765 665 859 742 effici,
878 685 960 750 quae
974 665 1082 752 appel-

52 761 124 826 lant
149 759 270 844 qualia;
299 760 469 844 equibus,
492 760 579 824 omni
600 772 715 824 natura
742 760 931 825 cohaerente
955 771 986 826 et
1008 782 1083 826 con-

53 856 193 932 tinuata,
217 877 291 919 cum
308 855 454 920 omnibus
478 855 544 920 suis
566 854 711 942 partibus
728 877 829 920 unum
846 853 996 921 effectum
1013 878 1082 922 esse

52 950 226 1028 mundum,
250 959 340 1014 extra
361 971 456 1034 quem
473 951 562 1015 nulla
579 972 653 1038 pars
671 950 822 1016 materiae
839 949 880 1015 sit
896 950 1082 1038 nullumque

54 1067 187 1130 corpus3
211 1043 309 1130 partis
333 1053 440 1109 autem
463 1066 532 1111 esse
551 1044 663 1110 mundi
681 1045 801 1124 omnia,
828 1066 910 1130 quae
930 1043 1028 1110 insint
1048 1044 1083 1110 in

54 1161 106 1226 ee,
124 1160 207 1224 quae
223 1149 338 1204 natura
352 1139 507 1205 sentiente
524 1149 701 1217 teneantur,
719 1139 754 1204 in
765 1159 830 1224 qua
842 1140 922 1205 ratio
940 1138 1083 1225 perfecta

53 1233 146 1311 insit,
173 1233 319 1317 quaesit
344 1233 456 1302 eadem
478 1235 685 1321 sempitema;
711 1234 791 1300 nihil
814 1234 898 1299 enim
924 1234 1081 1299 valentius

54 1351 142 1406 esse,
173 1351 193 1393 a
219 1349 283 1413 quo
300 1328 449 1408 intereat3
480 1351 577 1414 quam
603 1329 670 1394 vim
700 1329 843 1395 animum
873 1351 943 1394 esse
973 1327 1120 1394 dicuntae

53 1421 168 1488 mundi
183 1423 382 1508 eandemque
396 1446 465 1489 esse
478 1434 619 1490 mentem
631 1423 883 1516 sapientiamque
896 1422 1081 1510 perfectam,

54 1540 154 1602 quem
177 1518 273 1583 deum
294 1517 456 1605 appellant
478 1519 683 1605 omniumque
704 1542 825 1596 rerum,
851 1541 935 1603 quac
957 1529 1032 1584 sunt
1054 1517 1083 1583 ei

55 1612 230 1691 subiectae,
249 1613 341 1696 quasi
357 1611 560 1700 prudentiam
578 1615 753 1699 quandam,
770 1625 994 1702 procurantem
1012 1635 1083 1678 cae-

54 1707 148 1773 lestia
168 1707 321 1785 maxime,
349 1707 463 1774 deinde
486 1709 521 1774 in
543 1709 634 1776 terris
658 1733 710 1787 ea,
736 1731 820 1794 quae
841 1709 1020 1795 pertineant
1042 1708 1083 1772 ad

54 1803 215 1880 homines3
233 1825 331 1887 quam
346 1803 507 1870 interdum
525 1805 659 1870 eandem
672 1804 894 1872 necessitatem
912 1804 1082 1890 appellant,

55 1897 133 1982 quia
144 1897 223 1962 nihil
236 1897 327 1964 aliter
340 1899 440 1984 possit
453 1910 549 1982 atque
565 1900 606 1964 ab
620 1923 659 1966 ea
671 1899 877 1964 coustitutum
891 1899 931 1963 sit
945 1897 1082 1974 evenire,

55 1991 150 2076 quasi
179 1991 310 2058 fatalem
342 2002 374 2058 et
403 1993 635 2060 immutabilem
665 1993 933 2060 continuationem
964 1991 1082 2060 ordinis

56 2087 254 2174 sempiterni3
272 2110 338 2153 non
351 2111 528 2175 numquam
538 2091 672 2156 eandem
684 2089 856 2170 fortunam,
871 2089 957 2175 quod
966 2087 1084 2153 efficiat

55 2183 158 2248 multa
174 2182 337 2269 inprovisa
350 2195 381 2250 et
398 2186 588 2273 necopinata
600 2186 692 2254 nobis
709 2198 840 2274 propter
856 2185 1083 2253 obscuritatem

55 2278 353 2366 ignorationemque
371 2302 549 2348 causarum.

122 2373 232 2440 Tertia
250 2374 364 2443 deinde
382 2375 599 2464 philosophiae
616 2400 706 2464 pars,
728 2399 811 2462 quae
829 2375 946 2443 eratin
963 2363 1122 2476 ratione}⁰

56 2469 142 2535 etin
159 2468 357 2548 disserendo,
376 2471 422 2536 sic
439 2473 635 2538 tractabatur
651 2473 693 2538 ab
710 2472 867 2557 utrisque:
890 2492 1084 2556 quamquam

57 2574 200 2630 oreretur
217 2587 237 2629 a
254 2566 409 2644 sensibus,
428 2576 536 2632 tamen
552 2589 617 2633 non
634 2591 704 2634 esse
720 2567 875 2632 iudicium
891 2565 1032 2631 veritatis
1049 2564 1084 2630 in

57 2659 218 2738 sensibus3
244 2671 385 2726 mentem
411 2662 561 2728 volebant
583 2685 653 2729 esse
675 2685 783 2727 rerum
803 2661 955 2738 iudicem3
982 2659 1084 2726 solam

57 2754 232 2820 censebant
253 2754 402 2822 idoneam
419 2758 478 2828 cui¹
489 2757 683 2836 crederetur,
702 2757 778 2842 quia
795 2757 863 2821 sola
880 2763 1023 2820 cerneret
1039 2753 1084 2832 id,

58 2847 147 2933 quod
168 2871 294 2935 semper
317 2861 400 2917 esset
426 2851 561 2938 simplex
579 2863 612 2918 et
633 2853 727 2917 unius
750 2851 837 2916 modi
854 2860 887 2916 et
907 2849 971 2915 tale
989 2848 1083 2934 quale

58 2954 152 3008 esset.
195 2941 278 3008 hanc
300 2944 347 3010 illi
373 2943 462 3012 ἰδέαν
485 2947 660 3033 appellant,
686 2947 753 3012 iam
770 2969 790 3011 a
805 2945 942 3012 Platone
963 2943 1010 3010 ita
1026 2965 1084 3010 no·

56 3037 225 3117 minatam,
251 3061 310 3104 nos
334 3050 421 3106 recte
447 3043 587 3128 speciem
611 3065 781 3129 possumus
804 3041 918 3106 dicere.
971 3061 1083 3106 sensus
1096 3059 1122 3101 ει

58 3142 168 3199 autem
189 3135 291 3201 omnis
313 3135 444 3202 hebetes
468 3147 500 3204 et
525 3138 633 3204 tardos
657 3159 726 3205 esse
749 3136 997 3212 arbitrabantur,
1024 3156 1084 3200 nee

57 3229 180 3317 percipi
196 3229 261 3294 ullo
278 3232 374 3296 modo
391 3254 443 3298 res
461 3233 557 3310 ullas,
581 3255 664 3318 quae
676 3232 850 3311 subiectae
873 3230 1018 3299 sensibus
1036 3229 1085 3295 vi·

59 3326 223 3404 derantur,
250 3327 337 3412 quod
363 3338 418 3394 aut
443 3329 489 3394 ita
515 3340 621 3396 essent
645 3351 779 3416 parvae,
805 3339 842 3394 ut
868 3326 928 3394 sub
955 3347 1084 3394 sensum

59 3420 173 3485 eadere
190 3442 255 3485 non
271 3433 412 3508 possent,
430 3434 485 3489 aut
497 3423 542 3488 ita
555 3423 689 3490 mobiles
703 3433 735 3489 et
748 3423 936 3502 concitatae,
952 3432 990 3488 ut
1005 3419 1084 3486 nihil

58 3537 212 3600 umquam
229 3539 329 3582 unum
347 3530 431 3584 esset
448 3531 477 3584 et
499 3530 661 3596 constans,
680 3543 721 3586 ne
737 3519 823 3584 idem
841 3519 985 3604 quidem,
1008 3516 1085 3601 quia

58 3611 257 3677 continenter
280 3613 463 3680 laberentur
489 3625 520 3694 et
546 3615 680 3681 fluerent
706 3615 822 3680 omnia.
863 3613 973 3698 itaque
1001 3613 1083 3678 hano

58 3728 187 3771 omnem
212 3717 336 3793 partem
360 3731 468 3776 rerum
493 3710 687 3798 opinabilem
719 3709 932 3796 appellabant.
982 3708 1122 3774 scien-o

58 3802 137 3866 tiam
155 3812 262 3867 autem
279 3825 438 3889 nusquam
456 3827 525 3872 esse
543 3806 716 3872 censebant
733 3804 796 3870 nisi
816 3805 850 3869 in
867 3803 965 3870 animi
981 3802 1085 3868 notio-

58 3897 154 3962 nibus
172 3907 267 3983 atque
288 3899 478 3979 rationibus3
500 3923 565 3987 qua
583 3903 623 3968 de
641 3925 737 3969 causa
759 3901 957 3968 definitiones
977 3922 1084 3968 rerum

58 3992 237 4078 probabant
254 3993 361 4060 athas
379 3995 554 4076 adomnia,
573 3997 613 4063 de
632 3997 748 4083 quibus
763 3996 1009 4083 disceptabatur,
1028 3995 1085 4060 ad-

59 4087 221 4154 hibebant
265 4087 436 4155 verborum
454 4090 550 4157 etiam
568 4092 735 4180 explicatio
752 4091 958 4178 probabatur,
974 4091 1009 4156 id
1025 4101 1084 4169 eat,

59 4205 124 4267 qua
142 4183 181 4251 de
200 4206 296 4252 causa
314 4206 461 4273 quaeque
478 4197 584 4258 essent
599 4187 645 4255 ita
661 4187 834 4266 nominata,
852 4207 950 4274 quam
967 4182 1084 4281 ἐτυμο-
