2688 4730
201 278 511 338 scsuufflcoltutt
527 277 703 338 PRIORUM
718 279 757 334 Π.
774 279 886 336 29433.
1010 265 1053 332 33

26 415 185 472 movetur.
220 405 328 489 itaque
345 405 407 470 alia
424 403 494 470 visa
510 404 556 469 sic
572 403 691 490 arripit,
708 414 744 469 ut
759 403 799 470 iis
812 404 919 470 statim
936 414 1054 482 utatur,

25 501 92 566 alia
120 499 212 585 quasi
239 498 397 576 recondit,
424 522 443 565 e
468 499 584 583 quibus
609 499 762 564 memoria
787 499 895 565 oritur.
949 510 1054 566 cetera

27 605 141 660 autem
170 593 429 661 similitudinibus
460 593 628 672 construit,
658 616 698 659 ex
729 593 846 678 quihus
872 592 1054 660 efficiuntur

25 691 160 756 notitiae
177 712 294 767 rerum,
312 711 392 773 quas
410 686 528 754 Graeci
545 700 614 754 tum
632 685 767 766 ἑννοίας,
784 699 852 754 tum
869 687 1055 774 προλήψεις

26 795 158 850 vocant.
202 806 240 850 eo
266 806 339 849 cum
361 783 494 849 accessit
518 784 599 849 ratio
626 783 868 869 argumentique
894 783 1054 848 conclusio

25 900 201 963 rerumque
226 877 505 944 innumerabilium
529 878 715 956 multitudo,
741 888 811 944 tum
836 888 868 944 et
892 877 1054 964 perceptio

26 996 143 1038 eorum
161 974 302 1038 omnium
320 972 462 1058 adparet,
480 982 511 1038 et
529 972 643 1039 eadem
658 973 739 1039 ratio
756 972 898 1059 perfecta
914 971 963 1037 his
980 995 1055 1058 gra·

26 1068 125 1132 dibus
143 1068 186 1133 ad
203 1067 389 1153 sapientiam
405 1067 558 1154 pervenit
594 1069 760 1132 adrerum
776 1067 874 1154 igitur
891 1067 1054 1133 scientiam
1075 1085 1101 1126 ar

26 1163 182 1246 vitaeque
208 1162 418 1227 constantiam
444 1162 607 1248 aptissima
633 1180 707 1228 cum
728 1162 770 1228 sit
790 1184 881 1228 mens
905 1161 1054 1239 hominis,

27 1256 233 1344 amplectitur
257 1257 395 1322 maxime
421 1258 649 1345 cognitionem,
680 1268 714 1324 et
738 1259 831 1324 istam
857 1257 1053 1344 κατάληψιν,

27 1373 140 1435 quam,
158 1361 194 1416 ut
210 1351 286 1428 dixi,
304 1351 439 1417 verbum
456 1375 474 1418 e
491 1352 591 1418 verbo
607 1354 837 1439 exprimentes,
859 1352 1054 1439 conprehen-

25 1447 154 1511 sionem
171 1445 327 1522 dicemus,
354 1468 427 1511 cum
447 1446 551 1533 ipsam
571 1469 629 1534 per
651 1469 686 1514 se
708 1458 854 1514 amat-
868 1447 947 1513 nihil
969 1448 1054 1514 enim

26 1552 78 1606 est
96 1541 127 1606 ei
148 1539 289 1606 veritatis
311 1541 383 1606 luce
401 1541 585 1607 dulcius—
601 1552 670 1608 tum
686 1543 782 1608 etiam
803 1553 933 1629 propter
948 1564 1052 1608 usum.

26 1635 182 1721 quocirca
202 1646 233 1701 et
256 1635 401 1702 sensibus
422 1637 522 1701 utitur
538 1647 571 1702 et
592 1637 668 1702 artis
689 1637 801 1716 efficit,
828 1638 920 1721 quasi
942 1660 1052 1703 sensus

27 1733 165 1808 alteros,
192 1740 224 1796 et
244 1752 347 1814 usque
366 1752 403 1796 eo
420 1730 652 1817 philosophiam
673 1724 777 1818 ipsam
794 1733 991 1811 corroborat,
1017 1743 1053 1797 ut

26 1826 183 1891 virtutem
200 1823 328 1903 efficiat,
346 1849 386 1892 ex
404 1847 469 1910 qua
484 1849 519 1891 re
536 1848 601 1890 una
615 1827 680 1893 vita
692 1828 795 1892 omnis
809 1838 884 1913 apta
895 1836 953 1893 est.
976 1849 1053 1914 ergo

24 1922 66 1999 ii,
95 1921 152 2005 qui
172 1933 292 2008 negant
314 1923 485 2006 quicquam
506 1943 600 2007 posse
628 1921 855 2008 conprehendi,
881 1921 959 1987 haec
983 1922 1054 2008 ipsa

27 2015 170 2101 eripiunt
190 2015 243 2081 vel
258 2016 468 2081 instrumenta
483 2017 536 2082 vel
554 2027 739 2082 ornamenta
755 2016 853 2095 vitae,
875 2016 928 2082 vel
947 2017 1052 2102 potius

27 2111 128 2177 etiam
153 2120 253 2176 totam
277 2111 376 2176 vitam
401 2121 548 2177 evertunt
572 2111 716 2177 fimditus
741 2111 910 2198 ipsumque
936 2111 1053 2176 animal

27 2206 146 2271 orbant
162 2206 277 2284 animo,
294 2215 331 2270 ut
348 2205 476 2272 difficile
494 2205 535 2272 sit
549 2206 589 2272 de
606 2207 782 2273 temeritate
795 2228 906 2272 eorum
922 2206 1052 2293 perinde

26 2313 66 2366 ut
84 2322 182 2365 causa
198 2301 338 2387 postulat
354 2300 469 2367 dicere.

94 2393 166 2460 Nec
186 2415 262 2460 vero
285 2394 361 2460 satis
383 2395 574 2461 constituere
596 2416 741 2482 possum,
768 2395 855 2480 quod
880 2394 922 2460 sit
943 2417 1054 2461 eorum
1074 2413 1100 2454 aa

26 2490 199 2557 consilium
221 2500 278 2556 aut
299 2491 377 2574 quid
397 2491 505 2557 velint.
548 2490 708 2557 interdum
725 2490 810 2557 enim
827 2513 901 2556 cum
922 2491 1053 2558 adhibe·

26 2609 104 2652 mus
122 2586 165 2650 ad
181 2608 236 2652 eos
254 2587 429 2652 orationem
445 2587 514 2652 eius
531 2587 632 2665 modi,
655 2587 683 2652 si
700 2609 751 2665 ea,
779 2607 862 2670 quae
880 2585 1051 2672 disputent,

26 2703 109 2748 vera
125 2681 198 2759 sint,
216 2691 286 2746 tum
303 2680 409 2746 omnia
425 2681 494 2747 fore
510 2681 640 2758 ineerta,
657 2681 862 2768 respondent:
881 2680 960 2765 quid
976 2703 1053 2767 ergo

25 2775 118 2840 istud
139 2775 181 2840 ad
202 2775 280 2841 nos?
308 2799 387 2841 num
408 2787 516 2841 nostra
538 2777 633 2862 culpa
658 2777 726 2841 est?
754 2786 901 2840 naturam
926 2797 1051 2853 accusa,

27 2893 115 2955 quae
131 2869 165 2936 in
182 2870 341 2956 profundo
359 2872 540 2949 veritatem,
566 2882 604 2935 ut
621 2871 665 2936 ait
680 2871 900 2947 Democritus,
924 2870 1050 2957 penitus

26 2964 226 3030 abstruserit.
270 2965 324 3030 alii
342 2976 448 3032 autem
465 2965 657 3052 elegantius,
680 2965 735 3050 qui
753 2965 849 3030 etiam
866 2975 1050 3049 querimur,

28 3061 121 3146 quod
137 3083 192 3127 eos
209 3060 426 3128 insimulemus
444 3061 550 3127 omnia
565 3061 687 3127 incerta
703 3061 817 3137 dicere,
834 3071 1052 3146 quantumque

27 3155 156 3222 intersit
180 3155 263 3221 inter
288 3155 443 3222 incertum
468 3167 500 3222 et
524 3156 572 3234 id,
600 3155 687 3240 quod
711 3156 832 3242 percipi
851 3177 917 3221 non
942 3155 1051 3241 possit,

28 3253 146 3317 docere
165 3261 319 3316 conantur
337 3272 439 3335 eaque
456 3250 660 3337 distinguere.
704 3271 778 3315 cum
794 3250 844 3314 his
861 3249 959 3336 igitur
976 3272 1053 3336 aga-

26 3370 118 3426 mus,
147 3345 202 3430 qui
223 3345 302 3412 haee
320 3346 533 3434 distinguunt:
559 3347 644 3425 illos,
670 3346 726 3432 qui
743 3345 851 3411 omnia
870 3344 916 3412 sic
932 3345 1053 3409 incerta

28 3442 155 3516 dicunt,
181 3451 218 3505 ut
243 3440 405 3506 stellarum
431 3462 582 3507 numerus
608 3463 667 3527 par
692 3465 734 3506 an
758 3441 850 3526 inpar
874 3440 930 3517 sit,
961 3439 1053 3523 quasi

29 3537 216 3620 desperatos
238 3534 360 3619 aliquos
383 3536 609 3620 relinquamus.
652 3537 765 3601 volunt
781 3535 866 3600 enim
882 3570 926 3581 -
943 3544 974 3600 et
991 3532 1052 3598 hoc

28 3629 161 3714 quidem
177 3629 229 3694 vel
245 3629 383 3696 maxime
400 3652 458 3695 vos
476 3630 767 3695 animadvertebam
783 3627 904 3694 moveri
919 3664 964 3674 —
975 3649 1053 3735 pro·

30 3724 138 3790 babile
156 3722 276 3808 aliquid
294 3746 363 3790 esse
381 3734 414 3790 et
431 3725 523 3808 quasi
538 3724 740 3802 verisimile,
763 3744 865 3807 eaque
886 3744 921 3788 se
937 3720 985 3786 uti
1001 3743 1052 3789 re·

27 3823 108 3908 gula
133 3829 165 3885 et
189 3819 223 3883 in
244 3819 369 3906 agenda
390 3820 457 3885 vita
482 3829 514 3886 et
537 3819 572 3884 in
595 3818 775 3903 quaerendo
797 3838 836 3883 ao
857 3815 1050 3882 disserendo.

27 3913 194 4000 quasiste
214 3913 326 4000 regula
348 3925 396 3979 est
414 3911 546 4002 [veriet
567 3911 672 3999 falsi],
698 3911 726 3978 si
745 3911 908 3978 notionem
929 3910 997 3975 veri
1019 3920 1051 3974 et
1067 3904 1100 4018 1³}

25 4008 117 4085 falsi,
143 4019 312 4094 propterea
329 4009 416 4092 quod
433 4031 472 4074 ea
487 4030 552 4073 non
567 4017 702 4119 possunt
723 4005 908 4082 internosci,
929 4004 1051 4069 nullam

11 4102 204 4170 habemus?
224 4124 301 4168 nam
326 4102 354 4168 si
377 4101 547 4182 habemus,
572 4101 724 4168 interesse
751 4109 889 4188 oportet,
913 4109 951 4164 ut
966 4099 1052 4166 inter

81 4202 285 4250 &masicen
864 4199 885 4258 8
