2688 4730
252 309 299 376 52'
560 325 598 378 M.
617 323 754 382 TULLII
771 321 972 382 CICERONIS

204 473 230 515 a
252 442 330 514 esse
344 447 486 513 eiusdem
508 447 595 512 modi
616 447 707 513 falsa.
752 447 880 532 quando
897 447 996 534 igitur
1012 458 1116 534 potest
1133 449 1192 515 tibi
1208 450 1280 516 Pu·

252 543 336 610 blius
356 541 513 632 Geminus
531 539 671 624 Quintus
689 543 896 627 videriquid
913 543 1011 609 habes
1030 545 1200 629 explorati,
1221 568 1280 611 cur

250 661 316 704 non
332 637 432 723 possit
450 637 507 702 tibi
518 634 615 703 Cotta
632 637 743 715 videri,
762 637 817 722 qui
834 660 899 703 non
917 637 967 716 sit,
985 639 1136 722 quoniam
1153 639 1279 724 aliquid

250 732 376 798 videtur
394 755 473 811 esse,
491 733 578 816 quod
594 755 660 798 non
677 733 744 798 est?
766 733 872 798 omnia
889 733 967 798 dicis
985 733 1035 798 sui
1051 734 1177 821 generis
1194 757 1278 812 esse,

249 827 328 893 nihil
344 850 414 895 esse
432 826 527 904 idem,
546 828 633 913 quod
650 828 691 893 sit
708 827 805 894 aliud.
841 825 986 908 Stoicum
1004 840 1052 894 est
1069 829 1197 913 quidem
1215 851 1278 895 nec

250 922 423 988 admodum
446 923 596 989 credibile
628 923 766 990 ‘nullum
793 929 862 989 es'se
885 924 987 1009 pilum
1009 924 1155 990 omnibus
1177 925 1277 990 rebus

249 1019 363 1096 talem,
382 1018 484 1104 qualis
503 1018 544 1084 sit
560 1018 643 1104 pilus
662 1019 758 1098 alius,
781 1019 905 1084 nullum
921 1019 1078 1106 granum?
1121 1020 1200 1085 haec
1226 1043 1278 1085 re-

249 1113 318 1178 felli
335 1124 478 1200 possunt,
496 1113 552 1178 sed
569 1136 713 1199 pugnare
731 1114 815 1179 nolo.
843 1111 885 1178 ad
897 1114 931 1179 id
944 1114 1039 1193 enim,
1058 1115 1145 1199 quod
1157 1115 1276 1202 agitur,

249 1207 329 1272 nihil
346 1208 492 1286 interest,
516 1207 703 1274 omnibusne
720 1208 864 1294 partibus
882 1209 950 1274 visa
967 1231 1017 1275 res
1035 1209 1113 1276 nihil
1137 1209 1277 1287 differat,

250 1327 290 1394 au
308 1303 478 1369 internosci
495 1325 560 1369 non
577 1303 686 1389 possit,
705 1303 801 1369 etiam
818 1303 846 1368 si
864 1303 999 1370 differat.
1043 1304 1109 1383 sed,
1129 1305 1156 1370 si
1173 1303 1277 1368 homi-

248 1422 326 1465 num
346 1399 517 1464 similitudo
535 1409 624 1464 tanta
641 1422 711 1465 esse
729 1421 793 1464 non
809 1410 929 1485 potest,
952 1423 994 1465 ne
1017 1399 1181 1486 signorum
1204 1401 1277 1483 qui-

187 1507 189 1513 ‘
250 1494 342 1560 dem?
369 1493 530 1571 dic'mihi,
556 1493 720 1581 Lysippus
739 1495 852 1560 eodem
874 1516 961 1572 aere,
987 1495 1099 1561 eadem
1117 1505 1277 1580 tempera·

251 1589 351 1667 tione,
380 1589 493 1655 eodem
520 1589 622 1668 caelo,
648 1593 666 1672 †
693 1610 792 1674 aqua,
817 1589 930 1656 ceteris
956 1590 1118 1667 omnibus,
1145 1601 1277 1656 centum

251 1683 454 1750 Alexandros
472 1683 616 1750 eiusdem
632 1684 720 1750 modi
737 1684 843 1750 facere
861 1707 926 1750 non
942 1685 1068 1770 posset?
1095 1707 1159 1770 qua
1175 1685 1278 1771 igitur

203 1800 228 1840 as
249 1779 378 1844 notione
397 1778 612 1846 discerneres?
629 1779 726 1864 quid?
748 1779 826 1844 siin
845 1779 988 1845 eiusdem
1003 1780 1090 1845 modi
1108 1801 1182 1846 cera
1199 1800 1276 1845 cen-

249 1884 317 1938 tum
335 1873 439 1960 sigilla
455 1871 517 1938 hoc
535 1874 630 1938 anulo
643 1875 832 1959 inpressoro,
850 1897 969 1959 ecquae
986 1875 1101 1961 poterit
1122 1874 1156 1939 in
1174 1897 1276 1962 agno-

249 1967 366 2033 scendo
385 1990 454 2034 esse
473 1967 651 2034 distinctio?
678 1991 720 2032 an
739 1968 797 2033 tibi
815 1969 873 2034 erit
890 1968 1091 2053 quaerendus
1110 1969 1273 2035 anularius

250 2062 363 2148 aliqui,
394 2063 546 2148 quoniam
572 2061 774 2149 gallinarium
799 2063 948 2129 invenisti
975 2062 1146 2130 Deliacum
1171 2065 1274 2143 illum,

198 2176 232 2231 27
249 2157 305 2241 qui
323 2178 384 2222 ova
401 2157 624 2244 cognosceret?
732 2155 799 2224 Sed
816 2157 947 2224 adhibes
966 2169 1067 2225 artem
1084 2158 1273 2226 advocatam

249 2253 346 2317 etiam
363 2251 519 2318 sensibus.
562 2251 665 2338 pictor
681 2252 769 2319 videt
786 2274 869 2337 quac
886 2275 944 2318 nos
962 2275 1027 2318 non
1044 2253 1206 2330 videmus,
1232 2265 1273 2329 et,

249 2346 344 2411 simul
360 2346 482 2413 inflavit
499 2345 628 2425 tibicen,
647 2347 785 2434 aperito
804 2370 931 2414 carmen
949 2348 1143 2434 agnoscitur.
1173 2349 1274 2434 quid?

247 2440 310 2506 hoc
327 2462 432 2506 nonno
450 2440 576 2508 videtur
593 2452 702 2507 contra
719 2454 751 2507 te
769 2443 891 2520 valere,
919 2443 946 2509 si
964 2444 1032 2509 sine
1053 2443 1180 2530 magnis
1199 2444 1275 2507 arti·

247 2535 343 2614 ficiis,
370 2536 521 2620 adquae
547 2537 643 2623 pauci
670 2537 840 2615 accedunt,
864 2537 965 2602 nostri
991 2537 1121 2622 quidem
1146 2536 1274 2624 generis

249 2631 432 2709 admodum,
450 2653 510 2698 nec
527 2631 636 2698 videre
653 2653 713 2698 nec
731 2633 841 2698 audire
858 2632 1036 2718 possimus?
1130 2631 1203 2696 Iam
1220 2632 1275 2695 illa

247 2728 413 2813 praeclara
433 2737 553 2811 quanto
576 2727 708 2793 artificio
731 2738 814 2793 esset
836 2750 948 2793 sensus
970 2737 1094 2792 nostros
1118 2737 1276 2792 mentem·

248 2844 311 2907 que
334 2834 367 2888 et
388 2834 488 2888 totam
510 2824 777 2889 constructionem
798 2823 935 2890 bominis
961 2822 1117 2888 fabricata
1143 2819 1273 2886 natural

201 2937 225 2978 ar
248 2939 306 2985 cur
324 2940 389 2983 non
407 2918 612 2984 extimescam
630 2917 781 3005 opinandi
798 2917 1026 2984 temeritatem?
1057 2915 1195 2983 etiamne
1213 2914 1275 2980 hoc

248 3013 417 3079 adfirmare
438 3024 545 3100 potes,
570 3014 722 3091 Luculle,
750 3037 820 3080 esse
837 3014 978 3098 aliquam
995 3013 1075 3090 vim,
1102 3031 1176 3075 cum
1198 3031 1276 3097 pru-

248 3108 356 3174 dentia
373 3119 405 3174 et
422 3110 552 3175 consilio
571 3109 700 3188 scilicet,
719 3131 801 3194 quae
819 3109 946 3174 finxerit
962 3108 1028 3185 vel,
1045 3115 1082 3173 ut
1099 3115 1156 3172 tuo
1172 3105 1273 3170 verbo

247 3214 329 3279 utar,
347 3224 430 3287 quae
446 3202 603 3270 fabricata
614 3205 656 3270 sit
673 3203 851 3270 hominem?
873 3203 976 3287 qualis
988 3203 1051 3268 ista
1067 3198 1191 3266 fabrica
1206 3199 1275 3266 est?

245 3298 304 3364 ubi
320 3299 483 3366 adhibita?
513 3299 660 3385 quando?
691 3300 766 3365 our?
795 3298 992 3384 quomodo?
1018 3306 1195 3362 tractantur
1212 3295 1275 3360 ista

246 3389 427 3482 ingediose,
451 3395 654 3482 disputantur
673 3394 770 3461 etiam
787 3395 965 3480 elegantem
988 3392 1125 3476 denique
1143 3389 1276 3458 videan-

247 3502 299 3556 tur
316 3513 403 3570 sane,
420 3515 461 3558 ne
479 3490 686 3556 adfirmentur
703 3488 810 3555 modo·
845 3488 902 3554 sed
920 3488 960 3554 de
977 3486 1117 3574 physicis
1135 3507 1222 3562 mox,
1241 3494 1275 3550 et

246 3585 376 3670 quidem
389 3587 431 3651 ob
445 3609 517 3652 eam
535 3608 675 3663 causam,
691 3607 732 3650 ne
751 3595 797 3662 tu,
815 3583 871 3668 qui
887 3582 922 3649 id
935 3605 986 3648 me
999 3582 1159 3648 facturum
1175 3580 1274 3666 paulo

248 3690 321 3744 ante
339 3679 466 3758 dixeris
484 3680 613 3746 videare
630 3679 790 3744 mentitus.

313 3771 380 3840 Sed
396 3785 433 3838 ut
456 3773 571 3852 adea,
597 3795 680 3859 quae
703 3773 836 3838 clariora
859 3781 949 3848 sunt,
971 3769 1112 3848 veniam,
1134 3789 1184 3834 res
1208 3767 1275 3832 iam

247 3867 411 3934 universas
434 3868 643 3955 profundam,
667 3867 846 3951 dequibus
868 3865 1031 3933 volumina
1057 3863 1177 3951 inpleta
1199 3871 1276 3926 sunt

247 3985 312 4029 non
339 3985 359 4028 a
383 3963 499 4027 nostris
526 3965 644 4040 solum,
671 3960 851 4026 sedetiam
873 3983 894 4026 a
916 3957 1114 4045 Chrysippo:
1141 3957 1181 4024 de
1208 3977 1275 4040 quo

249 4057 340 4143 queri
358 4057 460 4122 solent
469 4055 580 4133 Stoici,
599 4056 676 4120 dum
694 4055 835 4121 studiose
853 4054 960 4122 omnia
977 4052 1180 4138 conquisierit
1198 4073 1276 4117 con·

249 4161 299 4216 tra
316 4171 428 4216 sensus
446 4161 478 4217 et
494 4150 752 4235 perspicuitatem
769 4159 942 4233 contraque
960 4169 1086 4220 omnem
1104 4157 1276 4216 consuctu-
