2688 4730
287 317 330 382 58
595 327 634 382 M.
653 323 790 386 TULLII
806 325 1007 387 CICERONIS

286 453 428 532 trarium,
447 462 554 519 utetur
568 474 605 518 eo
620 452 757 539 sepiem,
773 473 810 519 ac
825 452 870 518 sic
884 452 986 518 omnis
1000 452 1081 516 ratic
1095 451 1179 518 vitae
1192 451 1303 538 guber·

286 549 423 616 rabitur.
446 547 563 615 etenim
580 547 607 612 is
626 565 763 632 quoque,
782 548 838 633 qui
856 572 877 612 a
890 547 981 613 vobis
996 548 1122 633 rapiens
1138 545 1303 622 inducitur,

287 644 387 710 multa
405 643 548 728 sequitur
569 642 761 730 probabilia,
783 663 848 707 non
871 641 1090 729 conprehensa
1111 662 1216 726 neque
1240 663 1304 726 per·

195 805 198 810 .
288 749 379 825 cepta
395 759 501 822 neque
519 737 668 817 adsensa,
691 738 749 803 sed
766 737 883 804 similia
899 737 966 808 veri
971 763 981 814 ;
1008 758 1091 821 quae
1108 735 1170 801 nisi
1187 737 1304 822 probet,

236 850 273 891 1⁰0
287 834 387 899 omnis
405 833 471 898 vita
487 833 623 898 tollatur.
667 833 746 919 quid
762 833 868 900 enirn?
895 833 1109 900 conscendens
1127 851 1244 898 narem
1262 854 1305 894 sa·

286 929 377 1014 piens
394 950 474 993 num
492 927 744 1014 conprehensum
766 930 872 994 animo
895 929 993 994 habet
1011 937 1107 1012 atque
1124 937 1304 1012 perceptum

286 1047 322 1090 se
339 1047 379 1090 ex
397 1022 556 1090 sententia
576 1023 823 1110 navigaturum?
844 1021 901 1108 qui
922 1021 1046 1109 potest?
1069 1022 1126 1087 sed
1143 1021 1170 1086 si
1187 1021 1253 1086 iam
1269 1044 1303 1085 ex

285 1119 346 1184 hoc
363 1119 433 1183 loco
451 1117 669 1204 proficiscatur
684 1118 838 1184 Puteolos
856 1117 959 1183 stadia
976 1116 1116 1202 triginta,
1134 1115 1237 1202 probo
1254 1137 1304 1179 na-

286 1212 387 1298 vigio,
408 1212 493 1278 bono
511 1213 739 1300 gubernatore,
757 1213 819 1278 hac
836 1212 1078 1297 tranquillitate,
1100 1210 1265 1297 probabile
1282 1213 1304 1274 a'

286 1307 431 1373 videatur
457 1330 491 1373 se
521 1307 596 1372 illuc
622 1318 792 1372 venturum
818 1329 889 1373 esse
915 1306 1049 1372 salvum.
1102 1305 1197 1370 huius
1225 1303 1304 1369 modi

285 1401 384 1488 igitur
400 1402 476 1468 visis
494 1401 625 1468 consilia
642 1401 745 1488 capiet
763 1411 796 1468 et
818 1401 933 1488 agendi
952 1412 984 1468 et
1000 1423 1067 1466 non
1084 1400 1215 1486 agendi,
1233 1398 1304 1463 faci·

285 1496 407 1581 liorque
425 1497 494 1574 erit,
511 1509 549 1562 ut
562 1497 668 1562 albam
682 1519 751 1562 esse
764 1496 871 1562 nivem
887 1495 1010 1583 prebet,
1029 1517 1126 1580 quam
1143 1507 1212 1561 erat
1221 1495 1304 1558 Ana·

285 1613 432 1677 xagoras,
450 1591 506 1676 qui
521 1591 557 1656 id
572 1613 637 1657 non
650 1591 745 1656 modo
758 1591 804 1656 ita
817 1613 887 1656 esse
903 1591 1053 1677 negabat,
1071 1590 1127 1656 sed
1146 1589 1216 1666 sibi,
1236 1589 1304 1672 quia

286 1685 381 1751 sciret
395 1707 511 1770 aquam
525 1685 650 1772 nigram
668 1707 747 1763 esse,
766 1684 851 1751 unde
864 1685 920 1750 illa
933 1695 1080 1751 concreta
1094 1695 1186 1762 essct,
1204 1681 1303 1748 albam

237 1795 274 1836 101
287 1779 390 1865 ipsam
412 1803 480 1846 esse
503 1803 544 1845 ne
566 1779 668 1845 videri
689 1779 835 1864 quidem3
862 1789 895 1845 et
918 1801 1139 1865 quaecumque
1160 1801 1212 1844 res
1236 1799 1303 1842 eun

287 1876 333 1940 sie
354 1874 503 1960 attinget,
530 1887 567 1938 ut
590 1874 631 1939 sit
653 1875 758 1940 visum
778 1874 858 1940 illud
879 1874 1044 1960 probabile
1066 1896 1171 1959 neque
1188 1873 1254 1938 ulla
1275 1895 1304 1936 re

286 1969 477 2056 inpeditum,
494 1968 688 2046 movebitur3
711 1991 775 2033 non
793 1968 879 2034 enim
896 1980 944 2034 est
961 1991 979 2034 e
998 1991 1075 2034 saxo
1094 1969 1237 2055 sculptus
1253 1977 1303 2031 aut

287 2087 305 2130 e
322 2063 435 2129 robore
453 2064 593 2129 dolatus:
610 2063 708 2128 habet
726 2084 856 2151 corpus,
875 2063 973 2130 habet
990 2065 1145 2142 animum,
1162 2073 1303 2128 movetur

286 2169 408 2237 mente,
434 2168 582 2223 movetur
602 2157 764 2236 sensibus,
789 2169 826 2224 ut
849 2158 878 2224 ei
900 2181 977 2226 vera
1003 2159 1104 2224 multa
1126 2158 1302 2232 videantur;

286 2274 391 2337 neque
414 2263 520 2318 tamen
542 2252 660 2319 habere
685 2253 843 2340 insignem
865 2245 954 2318 illam
971 2264 1003 2320 et
1023 2253 1185 2339 propriam
1207 2253 1304 2340 perci·

285 2347 394 2434 piendi
411 2357 535 2425 netam3
553 2369 655 2431 eoque
673 2348 849 2434 sapientem
862 2370 926 2413 non
939 2348 1100 2426 adsentiri,
1118 2348 1194 2431 quia
1211 2346 1304 2433 possit

287 2442 430 2508 eiusdem
451 2442 539 2508 modi
562 2441 714 2508 exsistere
731 2440 850 2506 falsum
867 2441 1012 2526 aliquod,
1035 2441 1126 2507 cuius
1142 2441 1232 2507 modi
1248 2441 1303 2505 hoc

287 2560 408 2603 verum.
439 2549 543 2621 neque
560 2557 619 2601 nos
638 2546 748 2601 contra
762 2557 873 2602 sensus
892 2536 984 2602 aliter
997 2536 1131 2602 dicimus
1145 2558 1184 2602 ac
1197 2535 1303 2612 Stoici,

288 2632 343 2716 qui
360 2632 461 2696 multa
482 2631 564 2696 falsa
582 2652 650 2696 esse
668 2630 778 2695 dicunt
798 2631 957 2716 longeque
975 2631 1066 2697 aliter
1082 2653 1117 2696 se
1134 2629 1253 2696 habere
1271 2652 1303 2694 ac

236 2741 270 2796 32
288 2726 432 2791 sensibus
451 2725 627 2789 videantur.
663 2723 725 2790 hoc
742 2735 849 2790 autem
867 2724 895 2789 si
911 2724 957 2789 ita
974 2725 1024 2803 sit,
1042 2735 1078 2790 ut
1095 2747 1196 2790 unum
1214 2725 1302 2789 modo

287 2819 433 2885 sensibus
446 2818 562 2883 falsum
576 2818 732 2897 videatur,
749 2830 876 2904 praesto
885 2829 934 2885 est
948 2820 1004 2903 qui
1016 2831 1114 2906 neget
1130 2842 1199 2884 rem
1212 2821 1304 2884 ullam

287 2913 407 3001 percipi
424 2935 518 3000 posse
536 2913 696 2980 sensibus:
718 2914 764 2979 ita
780 2914 871 2979 nobis
893 2914 1071 2981 tacentibus
1089 2938 1129 2981 ex
1146 2937 1211 2980 uno
1229 2914 1303 3000 Epi·

288 3009 356 3074 euri
373 3008 486 3095 capite,
505 3007 603 3074 altero
620 3019 725 3075 vestro
742 3009 903 3095 perceptio
921 3020 954 3075 et
975 3009 1203 3095 conprehensio
1226 3010 1303 3074 tolli-

287 3115 349 3168 tur.
391 3103 478 3187 quod
504 3114 553 3169 est
578 3115 675 3190 caput
694 3103 847 3190 Epicuri?
874 3104 918 3168 ‘si
942 3105 1044 3170 ullum
1070 3127 1182 3170 sensus
1204 3105 1302 3170 visum

287 3197 404 3263 falsum
426 3209 488 3275 est,
511 3197 590 3262 nihil
613 3209 717 3285 potest
738 3198 879 3284 percipi?
923 3200 1011 3284 quod
1031 3200 1192 3266 vestrum?
1219 3206 1303 3264 ‘sunt

287 3291 368 3356 falsa
385 3315 495 3358 sensus
518 3292 607 3357 visa?
652 3293 730 3376 quid
749 3291 909 3377 sequitur?
930 3303 968 3358 ut
984 3303 1122 3372 taceam,
1147 3293 1302 3360 conclusio

286 3387 357 3472 ipsa
380 3387 535 3470 loquitur:
564 3385 657 3451 ‘nihil
683 3409 777 3473 posse
799 3387 940 3473 percipi!
968 3391 1049 3453 ‘non
1082 3388 1236 3455 concedc'
1258 3389 1302 3452 in·

286 3482 356 3567 quit
376 3481 552 3568 ‘Epicuro’
605 3491 692 3547 certa
717 3481 815 3568 igitur
841 3504 914 3548 cum
938 3483 1009 3561 illo,
1037 3483 1092 3568 qui
1118 3493 1195 3548 ate
1221 3492 1301 3547 totus

287 3577 429 3643 diversus
456 3589 518 3642 est:
545 3575 610 3642 noli
630 3599 766 3655 mecum,
793 3577 849 3662 qui
873 3577 935 3643 hoc
957 3579 1086 3662 quidem
1109 3588 1207 3654 certe,
1234 3576 1303 3641 falsi

236 3689 274 3730 000
286 3693 356 3737 esse
373 3670 492 3755 aliquid
510 3670 544 3735 in
562 3672 717 3747 sensibus,
735 3671 793 3738 tibi
811 3672 980 3738 adsentior.
1016 3693 1211 3757 quamquam
1228 3670 1302 3736 nihil

286 3766 364 3830 mihi
380 3775 447 3830 tam
463 3765 580 3830 mirum
596 3765 722 3831 videtur
739 3787 836 3851 quam
852 3768 898 3831 ita
915 3767 988 3845 dici,
1007 3766 1048 3831 ab
1057 3765 1218 3832 Antiocho
1237 3765 1303 3850 qui-

287 3862 360 3928 dem
378 3862 529 3939 maxime,
553 3861 605 3927 cui
621 3873 711 3927 crant
728 3884 781 3939 ea,
798 3883 882 3946 quae
899 3862 995 3948 paule
1013 3873 1086 3928 ante
1104 3861 1184 3940 dixi,
1206 3863 1303 3926 netis·

286 3958 380 4022 sime..
419 3957 494 4022 licet
516 3955 600 4022 enim
621 3956 683 4022 hoc
704 3957 809 4041 quivis
831 3956 986 4023 arbitratu
1007 3979 1066 4023 suo
1083 3956 1302 4044 reprehendat,

286 4052 373 4136 quod
389 4073 543 4136 negemus
565 4073 634 4115 rem
649 4051 748 4116 ullam
765 4051 885 4138 percipi
902 4073 1010 4138 posse,
1034 4063 1118 4119 certe
1139 4051 1240 4118 levior
1256 4075 1303 4117 re·

285 4145 453 4231 prehensio
471 4156 529 4222 est,
547 4145 632 4229 quod
651 4155 758 4212 tamen
776 4146 909 4212 dicimus
928 4171 998 4215 esse
1016 4148 1173 4232 quaedam
1190 4147 1303 4234 proba·
