2688 4730
206 313 517 373 ACADEMICORUM
532 313 710 374 PRIORUM
725 315 763 371 11.
782 317 925 372 111-116.
1038 304 1086 370 63·

50 443 199 511 fiteatur?
229 454 266 508 ut
287 442 431 508 omittam
454 439 533 517 alia,
559 439 639 506 haec
662 441 740 518 duo,
767 440 941 527 dequibus
964 441 1079 528 agitur,

52 537 125 624 quis
141 559 294 622 umquam
317 536 395 602 dixit
413 545 470 600 aut
492 534 608 600 veteris
626 535 823 602 Academiae
841 545 895 602 aut
913 535 1080 622 Peripate-

51 635 202 710 ticorum,
229 633 280 696 vel
301 632 335 695 id
358 631 462 695 solum
484 629 606 717 percipi
627 651 736 715 posse,
763 631 850 714 quod
868 642 951 700 esset
967 653 1079 698 verum

51 731 130 806 tale,
158 727 253 813 quale
273 727 391 794 falsum
409 747 478 792 esse
496 747 561 790 non
583 737 706 812 posset,
733 726 785 792 vel
807 728 982 813 sapientem
999 729 1078 794 nihil

52 823 194 910 opinari?
228 832 313 888 certe
338 840 442 886 nemo.
495 819 610 886 horum
640 830 790 885 neutmm
816 832 889 888 ante
915 821 1079 890 Zenonem

50 940 170 1006 magno
187 939 283 1004 opere
301 914 469 982 defensum
487 923 550 993 est3
574 936 635 1002 ego
653 925 760 980 tamen
778 927 949 1003 utrumque
966 939 1078 984 verum

50 1026 140 1103 pute,
158 1035 217 1080 nec
235 1013 306 1078 dico
324 1011 475 1098 temporis
493 1033 600 1088 causa,
618 1011 676 1076 sed
692 1012 737 1077 ita
753 1013 848 1098 plane
865 1014 980 1098 probo:
999 1014 1079 1081 illud
1096 1013 1130 1069 36

50 1111 133 1177 ferre
150 1131 216 1175 non
232 1129 376 1195 possum:
403 1116 454 1184 tu,
476 1128 550 1172 oum
566 1129 619 1172 me
636 1105 798 1193 incognito
817 1108 967 1174 adsentiri
990 1120 1076 1176 vetes
1096 1086 1134 1128 ¹¹⁴

49 1205 149 1289 idque
167 1203 385 1290 turpissimum
403 1223 473 1268 esso
490 1201 578 1267 dicas
597 1212 628 1267 et
644 1202 864 1287 plenissimum
881 1204 1077 1283 temeritatis,

50 1310 176 1366 tantum
193 1298 252 1363 tibi
274 1297 426 1383 adroges,
448 1306 486 1362 ut
508 1316 649 1382 exponas
672 1296 871 1382 disciplinam
893 1298 1078 1384 sapientiae,

50 1405 199 1459 naturam
215 1415 323 1458 rerum
340 1389 483 1457 omnium
501 1391 644 1467 evolvas,
667 1413 771 1456 mores
790 1391 907 1480 fingas,
929 1391 1001 1458 finis
1020 1392 1077 1458 bo·

49 1511 166 1554 norum
188 1487 407 1570 malorumque
435 1485 624 1564 constituas,
650 1485 756 1560 officia
779 1486 954 1564 describas,
979 1507 1076 1571 quam

49 1585 151 1649 vitam
175 1582 337 1668 ingrediar
362 1581 510 1658 definias,
537 1581 686 1665 idemque
713 1581 809 1648 etiam
835 1581 1019 1668 disputandi
1045 1595 1077 1649 et

48 1677 256 1766 intellegendi
280 1677 434 1742 iudicium
456 1677 544 1742 dicas
566 1687 597 1742 te
624 1686 656 1742 et
683 1675 851 1742 artificium
876 1677 1075 1754 traditurum,

50 1773 196 1860 perficies
213 1783 251 1838 ut
268 1794 328 1858 ego
350 1772 412 1836 ista
435 1770 681 1836 innumerabilia
698 1772 899 1856 conplectens
916 1793 1076 1856 nusquam

48 1868 155 1946 labar,
181 1867 260 1932 nihil
282 1865 411 1953 opiner?
442 1887 524 1950 quae
549 1865 679 1932 tandem
696 1887 734 1932 ea
757 1876 804 1931 est
827 1866 1007 1952 disciplina,
1034 1868 1077 1933 ad

51 1985 148 2047 quam
164 1984 217 2027 me
235 1961 386 2039 deducas,
404 1961 431 2025 si
449 1960 490 2025 ab
507 1959 568 2026 hac
585 1959 796 2026 abstraxeris?
813 1981 925 2026 vereor
941 1984 983 2027 ne
1000 1962 1077 2027 sub·

51 2058 244 2144 adroganter
264 2055 377 2133 facias,
404 2055 432 2119 si
454 2054 572 2121 dixeris
594 2065 694 2121 tuam.
739 2055 827 2139 atqui
847 2055 893 2120 ita
910 2056 997 2122 dicas
1019 2080 1076 2123 ne-

52 2174 141 2218 cesse
163 2161 225 2229 est3
251 2171 356 2234 neque
377 2171 454 2216 vero
480 2160 516 2214 tu
543 2149 644 2228 solus,
671 2149 729 2215 sed
754 2149 797 2214 ad
823 2173 913 2215 suam
940 2151 1075 2236 quisque

50 2247 163 2333 rapiet.
207 2269 278 2332 age,
296 2246 441 2312 restitero
454 2244 688 2330 Peripateticis,
705 2244 761 2328 qui
779 2243 840 2310 sibi
857 2267 931 2310 cum
945 2247 1075 2312 cratori-
1095 2265 1131 2306 115

50 2342 112 2406 bus
135 2340 356 2427 cognationem
383 2362 467 2417 esse,
494 2339 550 2424 qui
572 2339 673 2404 claros
696 2339 780 2404 viros
804 2361 824 2404 a
846 2363 880 2406 se
905 2340 1075 2407 instructos

51 2435 158 2501 dicant
170 2457 239 2501 rem
255 2433 418 2520 publicam
432 2455 527 2520 saepe
544 2434 680 2511 rexisse3
698 2432 878 2499 sustinuero
887 2433 1074 2520 Epicureos,

51 2541 98 2596 tot
113 2551 202 2596 meos
219 2528 399 2606 familiaria,
417 2538 484 2592 tarn
501 2527 616 2607 bonos,
639 2538 705 2593 tam
722 2527 806 2593 inter
822 2551 857 2594 se
875 2528 1010 2595 amantis
1028 2531 1076 2596 vi-

50 2647 119 2690 ros:
137 2623 280 2690 Diodoto
296 2622 375 2707 quid
392 2622 522 2701 faciam,
541 2621 666 2701 Stoico,
684 2644 780 2707 quem
798 2646 815 2688 a
833 2645 932 2709 puero
950 2624 1076 2689 audivi?

51 2719 108 2804 qui
125 2740 251 2784 mecum
268 2717 348 2784 vivit
363 2727 411 2784 tot
429 2717 548 2784 annos?
570 2717 626 2802 qui
643 2717 767 2783 habitat
784 2718 871 2803 apud
887 2719 959 2784 me?
980 2741 1076 2803 quem

51 2827 83 2880 et
101 2813 240 2880 admiror
256 2823 289 2879 et
306 2812 423 2900 diligo?
443 2813 500 2897 qui
517 2813 580 2878 ista
596 2810 776 2878 Antiochea
794 2813 976 2878 contemnit.
1005 2820 1076 2880 ‘no-

51 2909 131 2976 stra’
149 2909 274 2992 inquies
292 2908 376 2973 ‘sola
393 2930 470 2974 vera
487 2908 582 2973 sunt.'
626 2918 712 2974 certe
729 2908 812 2986 sola‘,
830 2909 858 2974 si
875 2929 965 2986 vera;
983 2909 1077 2995 plura

51 3004 137 3070 enim
159 3024 235 3070 vera
256 3002 469 3089 discrepantia
491 3024 560 3070 esse
582 3024 647 3067 non
674 3013 821 3089 possunt:
849 3014 957 3068 utrum
978 3003 1077 3090 igitur

50 3121 109 3165 nos
126 3098 326 3184 inpudentes,
346 3097 402 3181 qui
419 3097 485 3162 labi
501 3097 655 3174 nolimus,
673 3121 716 3162 an
732 3098 778 3162 illi
797 3099 1001 3184 adrogantes,
1020 3099 1076 3182 qui

51 3194 113 3260 sibi
129 3192 344 3280 persuaserint
361 3192 440 3258 scire
459 3215 493 3258 se
511 3192 594 3258 solos
612 3192 738 3258 omnia?
761 3197 840 3258 ‘non
857 3215 909 3258 me
925 3193 1075 3276 quidem‚'

50 3288 154 3376 inquit
179 3287 250 3354 ‘sed
274 3287 449 3374 sapientem
471 3286 543 3353 dico
566 3287 666 3354 scire?
721 3287 853 3373 optime:
879 3309 994 3374 nempe
1015 3289 1076 3354 ista

50 3387 146 3462 scire,
173 3405 255 3470 quae
281 3393 355 3448 sunt
380 3383 414 3447 in
437 3394 493 3448 tua
514 3381 690 3468 disciplina.
737 3382 799 3448 hoc
821 3383 959 3468 primum
982 3385 1076 3469 quale

50 3490 108 3558 est,
126 3502 147 3544 a
163 3498 228 3543 non
246 3478 388 3563 sapiente
401 3477 552 3561 explicari
570 3475 778 3562 sapientiam?
806 3478 862 3542 sed
876 3477 1074 3543 discedamus

49 3599 69 3640 a
81 3573 243 3640 nobismet
258 3572 351 3658 ipsis:
370 3570 410 3638 de
428 3571 570 3656 sapiente
587 3571 765 3655 loquamur,
784 3572 824 3640 de
838 3593 912 3656 quo,
929 3582 966 3638 ut
979 3594 1074 3658 saepe

49 3670 114 3735 iam
133 3666 209 3744 dixi,
228 3666 329 3732 omnis
346 3666 427 3732 haec
443 3665 588 3751 quaestio
607 3675 665 3732 est.

113 3763 155 3828 In
172 3762 229 3828 tris
245 3760 344 3848 igitur
360 3761 458 3848 partis
475 3770 509 3848 ¹et
526 3784 546 3826 a
562 3761 723 3847 plerisque
740 3771 773 3826 et
789 3784 810 3826 a
822 3760 980 3827 vobismet
996 3760 1074 3846 ipsis
1091 3778 1128 3818 116

48 3857 220 3926 distributa
242 3856 398 3943 sapientia
415 3866 474 3922 est.
517 3856 655 3943 primum
677 3876 768 3940 ergo,
796 3855 823 3920 si
846 3856 964 3941 placet,
991 3875 1073 3939 quae

49 3956 90 4021 de
108 3963 225 4018 natura
240 3973 347 4017 rerum
369 3950 433 4016 sint
449 3949 607 4035 quaesita,
625 3949 802 4027 videamus,
820 3950 871 4015 vel
887 3949 968 4018 illud
986 3961 1072 4016 ante:

48 4060 141 4116 estne
158 4047 328 4133 quisquam
345 4055 433 4113 tanto
450 4045 578 4114 inflatus
596 4067 716 4124 errore,
738 4056 775 4113 ut
792 4046 853 4112 sibi
871 4069 905 4112 se
921 4046 978 4111 illa
994 4046 1074 4112 scire

47 4142 261 4233 persuaserit?
281 4163 347 4210 non
364 4162 483 4229 quaero
499 4141 638 4212 rationes
656 4163 720 4220 eas,
737 4161 820 4228 quae
838 4163 879 4210 ex
896 4141 1075 4210 coniectura
