2688 4730
197 372 508 432 AGADEMIGORUM
524 369 799 430 POSTERIORUM
815 371 838 426 Ι.
858 372 968 428 12-18.
1075 357 1096 422 9

69 500 165 588 sophi
189 500 336 586 occupati
362 499 506 576 fuerunt,
534 499 716 563 avocavisse
742 495 976 583 philosophiam
1001 505 1034 562 et
1055 495 1097 562 ad

69 597 170 661 vitam
197 618 400 662 communem
426 593 612 671 adduxisse,
638 604 675 657 ut
701 593 741 658 de
763 592 934 658 virtutibus
958 604 991 658 et
1012 591 1096 657 vitiis

70 691 263 775 omninoque
281 691 321 756 de
343 690 435 756 bonis
457 689 554 755 rebus
573 699 605 753 et
626 689 719 753 malis
737 697 917 771 quaereret,
950 686 1098 752 caelestia
1157 704 1160 718 ¹

71 795 180 851 autem
197 787 250 851 vel
269 785 382 872 procul
400 807 469 852 esse
488 808 507 849 a
523 794 632 849 nostra
655 782 835 869 cognitione
858 792 1017 859 censeret,
1035 780 1097 858 vel,

71 882 100 945 si
123 882 262 947 maxime
284 880 413 967 cognita
435 890 555 958 essent,
582 878 660 944 nihil
682 889 790 943 tamen
815 878 855 943 ad
882 877 964 944 bene
986 875 1096 941 viven-

71 979 159 1042 dum.
202 977 255 1042 hic
276 977 309 1042 in
327 976 474 1041 omnibus
495 975 562 1041 fere
582 973 799 1050 sermonibus,
826 973 882 1058 qui
904 973 945 1038 ab
962 971 1017 1050 iis,
1042 970 1098 1055 qui
1111 993 1136 1033 rc

69 1073 162 1137 illum
189 1072 371 1150 audierunt,
400 1070 569 1158 perscripti
598 1069 685 1135 varie
712 1069 902 1154 copioseque
934 1075 1023 1144 sunt,
1053 1065 1098 1130 ita
1142 1101 1146 1108 ·

70 1167 227 1253 disputat,
253 1179 289 1232 ut
315 1166 394 1232 nihil
417 1166 562 1232 adfirmet
584 1165 668 1250 ipse,
695 1163 820 1229 refellat
841 1163 935 1240 alios3
961 1160 1041 1227 nihil
1063 1183 1097 1225 se

70 1264 153 1329 scire
167 1263 256 1328 dicat
272 1262 334 1328 nisi
350 1261 384 1326 id
400 1261 520 1346 ipsum,
548 1282 650 1345 eoque
672 1270 834 1346 praestare
857 1257 984 1333 ceteris,
1011 1255 1098 1343 quod

70 1358 118 1422 illi
139 1379 222 1441 quae
245 1357 388 1422 nesciant
410 1357 491 1421 scire
513 1378 548 1421 se
574 1365 702 1441 putent,
728 1354 812 1440 ipse,
841 1375 876 1418 se
899 1352 979 1417 nihil
1005 1351 1096 1428 scire,

71 1453 106 1517 id
124 1476 225 1518 unum
243 1453 336 1526 sciat;
359 1451 401 1517 ob
419 1473 554 1535 eamque
577 1473 646 1516 rem
663 1473 698 1515 se
717 1449 863 1514 arbitrari
885 1448 926 1514 ab
944 1447 1097 1534 Apolline

71 1548 216 1612 omnium
230 1546 500 1633 sapientissimum
514 1568 583 1611 esse
599 1545 729 1623 dictum,
743 1545 830 1629 quod
843 1543 923 1609 haec
937 1553 1020 1608 esset
1033 1565 1098 1611 una

71 1641 209 1706 hominis
236 1641 406 1727 sapientia,
431 1663 496 1705 non
523 1639 668 1704 arbitrari
694 1661 728 1704 se
751 1639 831 1704 scire
854 1638 942 1723 quod
966 1636 1097 1703 nesciat.

72 1757 242 1821 quaecum
252 1737 371 1802 diceret
380 1744 561 1801 constanter
574 1744 606 1800 et
619 1735 653 1798 in
667 1757 706 1800 ea
720 1733 876 1799 sententia
887 1744 1097 1820 permaneret,

71 1833 176 1896 omnis
199 1830 267 1898 eius
289 1831 390 1897 oratio
411 1841 536 1896 tantum
557 1831 591 1894 in
613 1829 731 1895 virtute
752 1830 915 1895 laudanda
932 1840 964 1894 et
985 1829 1019 1893 in
1040 1829 1098 1892 ho·

71 1927 212 1991 minibus
235 1926 276 1991 ad
301 1925 426 1992 virtutis
449 1925 591 1990 studium
615 1924 816 1990 cohortandis
843 1923 1099 2000 consumebatur,

71 2033 111 2086 ut
136 2045 154 2087 e
181 2020 416 2088 Socraticorum
441 2020 530 2086 libris
557 2019 760 2102 maximeque
786 2017 930 2084 Platonis
955 2017 1099 2103 intellegi

72 2127 187 2202 potest.
230 2115 375 2182 Platonis
398 2126 505 2181 autem
523 2114 725 2191 auctoritate,
744 2113 800 2198 qui
816 2113 923 2179 varius
942 2123 974 2179 et
990 2113 1097 2178 multi·
1112 2135 1135 2174 ιι

72 2211 150 2298 plex
171 2221 203 2276 et
224 2210 371 2297 copiosus
393 2210 467 2286 fuit,
494 2233 560 2275 una
578 2219 609 2275 et
633 2209 832 2274 consentiens
856 2209 981 2274 duobus
1003 2230 1099 2273 voca·

72 2306 158 2371 bulis
175 2305 395 2392 philosophiae
412 2306 516 2371 forma
533 2305 678 2370 instituta
696 2314 757 2382 est,
780 2304 1049 2370 Academicorum
1068 2314 1100 2369 et

71 2401 374 2488 Peripateticorum,
401 2401 457 2486 qui
478 2401 574 2466 rebus
596 2410 807 2486 congruentes
834 2399 1016 2465 nominibus
1039 2399 1101 2464 dif-

72 2496 234 2576 ferebant3
260 2520 335 2562 nam
362 2518 436 2563 oum
459 2495 692 2583 Speusippum,
719 2495 836 2560 sororis
862 2495 978 2573 fllium,
1004 2493 1100 2560 Plato

72 2590 294 2678 philosophiae
312 2592 404 2677 quasi
421 2590 570 2658 heredem
587 2590 782 2675 reliquisset,
801 2590 865 2655 duo
883 2602 992 2656 autem
1008 2613 1101 2677 prae·

73 2686 283 2752 stantissimos
305 2687 410 2752 studio
435 2697 531 2772 atque
552 2685 710 2762 doctrina,
728 2685 947 2751 Xenocratem
965 2681 1101 2750 Calche-

74 2782 207 2846 donium
230 2791 262 2848 et
284 2780 490 2847 Aristotelem
511 2780 713 2868 Stagiritem,
741 2781 797 2865 qui
820 2791 910 2847 erant
931 2803 1005 2846 cum
1025 2779 1103 2845 Ari·

73 2878 188 2943 stotele
205 2876 413 2963 Peripatetici
432 2876 509 2942 dicti
526 2889 615 2955 sunt,
638 2877 714 2961 quia
732 2877 937 2964 disputabant
953 2876 1102 2942 inambu-

72 2974 176 3038 lantes
205 2971 240 3037 in
264 2971 383 3058 Lycio,
414 2972 460 3037 illi
487 2983 607 3049 autem,
640 2972 696 3057 qui
721 2971 867 3038 Platonis
897 2972 1041 3038 instituto
1067 2971 1102 3037 in

73 3066 264 3145 Academia,
282 3068 370 3151 quod
387 3077 435 3133 est
453 3067 588 3133 alterum
606 3067 819 3154 gymnasium,
839 3078 947 3134 coetus
962 3078 1053 3133 erant
1070 3077 1102 3132 et

73 3183 235 3227 sermones
253 3162 371 3227 habere
385 3162 478 3240 soliti,
496 3185 514 3228 e
531 3162 593 3227 loci
606 3162 763 3228 vocabulo
775 3183 894 3228 nomen
910 3160 1100 3229 habuerunt.

73 3257 133 3322 sed
153 3256 279 3341 utrique
295 3255 440 3322 Platonis
464 3257 609 3323 ubertate
627 3259 776 3344 completi
799 3267 918 3323 certam
940 3256 1102 3343 quandam

73 3351 261 3438 disciplinae
282 3351 453 3418 formulam
475 3364 723 3439 composuerunt
740 3363 771 3419 et
793 3377 864 3420 earn
882 3353 1012 3438 quidem
1033 3353 1102 3439 ple·

72 3471 151 3514 nam
169 3470 206 3514 ac
222 3447 386 3527 refertam,
410 3449 498 3514 illam
520 3461 628 3515 autem
647 3449 843 3516 Socraticam
861 3450 1043 3515 dubitanter
1061 3449 1100 3514 de

74 3542 223 3608 omnibus
240 3543 336 3609 rebus
355 3553 387 3609 et
402 3545 491 3609 nulla
504 3544 722 3610 adfirmatione
740 3544 883 3610 adhibita
898 3543 1101 3611 consuetudi-

73 3661 150 3704 nem
172 3638 346 3704 disserendi
367 3640 577 3725 reliquenmt3
603 3639 650 3705 ita
672 3639 758 3706 facta
775 3649 839 3718 est,
867 3638 953 3724 quod
969 3637 1100 3704 minime

75 3731 225 3800 Socrates
246 3733 417 3819 probabat,
444 3757 495 3800 ars
518 3735 676 3818 quaedam
699 3733 918 3821 philosophiae
941 3744 973 3801 et
993 3757 1101 3800 rerum

75 3923 213 4003 duobus,
229 3934 266 3989 ut
284 3923 360 4001 dixi,
377 3925 560 3990 nominibus
577 3949 657 4005 una;
675 3925 754 3990 nihil
771 3926 856 3992 enim
873 3925 956 3992 inter
967 3924 1102 4010 Peripa

74 4017 186 4085 teticos
204 4029 237 4086 et
252 4018 341 4084 illam
353 4030 494 4086 veterem
506 4020 718 4086 Academiam
736 4020 917 4086 differebat.
936 4019 1102 4085 abundan-

74 4115 121 4180 tia
137 4113 303 4200 quadam
292 4116 415 4201 ingenii
436 4115 633 4202 praestabat,
655 4126 693 4180 ut
713 4114 792 4180 mihi
814 4115 944 4201 quidem
965 4114 1101 4191 videtur,

8 4209 281 4298 Aristoteles,
299 4210 357 4277 sed
374 4210 460 4276 idem
476 4211 549 4277 fons
567 4223 635 4278 erat
651 4209 796 4297 utrisque
814 4223 847 4278 et
865 4211 977 4278 eadem
994 4232 1101 4278 rerum
