2688 4730
201 335 512 396 ncnnnmconuu
528 335 705 396 11111111
717 335 792 391 ms.
809 335 849 391 11.
997 317 1040 385 19
1144 287 1147 299 ’

279 835 328 900 Μ.
346 829 510 898 TULLII
529 827 780 898 CICERONIS

172 940 613 1015 AOADEMICORUM
633 937 879 1008 PRIORUM

358 1054 476 1110 1111111
494 1051 694 1112 1111111111

245 1151 313 1218 Qui
329 1149 578 1210 INSORIBITUR
594 1145 810 1206 1111111111.

361 1363 694 1434 1111111111.
783 1331 788 1342 ’

67 1471 102 1525 11
116 1471 169 1526 hoc
181 1470 255 1526 libro
268 1474 333 1540 post
344 1470 517 1540 prooemium
531 1469 567 1525 de
580 1468 711 1524 laudibus
725 1466 847 1539 Luculli,
867 1467 902 1524 de
915 1467 1043 1523 instituto

16 1565 79 1617 suo,
98 1548 133 1603 de
146 1547 292 1602 occasione
305 1547 445 1602 ineundae
458 1547 539 1602 huius
554 1545 765 1618 disputationis,
784 1543 921 1600 Lucullus
935 1561 960 1599 c.
974 1545 1042 1616 4sq.

15 1625 171 1698 ingreditur
185 1625 403 1696 disputationem
421 1631 520 1680 contra
533 1625 718 1680 Academicos
732 1629 761 1680 et
772 1622 921 1678 Philonem
934 1623 970 1678 ab
984 1623 1042 1678 An·

14 1704 107 1758 1101111
126 1709 284 1774 acceptam,
307 1719 426 1774 quocum
447 1719 533 1773 saepe
550 1701 653 1758 iuerat.
687 1700 756 1756 Eius
774 1715 881 1754 summa
895 1700 969 1755 haec
986 1706 1043 1756 est:

16 1797 76 1835 esse
91 1779 263 1850 καταληπτά,
283 1796 355 1851 quae
365 1779 563 1852 comprehendi
575 1779 697 1856 possint,
715 1779 830 1848 hocest,
851 1793 866 1834 1
880 1775 1043 1834 definitione

15 1857 145 1927 Zenonis,
164 1873 248 1928 quam
260 1857 396 1914 reiciebat
408 1859 500 1928 Philo,
519 1857 590 1913 talia
603 1857 664 1912 visa
677 1854 852 1930 (φαντασίας)
865 1854 1001 1926 impressa
1015 1860 1045 1910 et

16 1933 111 1990 efficta
125 1953 160 1990 ex
177 1952 219 2005 eo,
238 1937 313 1991 unde
327 1936 392 2006 sint,
411 1936 507 2009 qualia
522 1953 584 1992 esse
596 1934 775 2006 nonpossint
789 1950 823 1991 ex
837 1950 880 2004 eo,
898 1934 973 1990 unde
985 1951 1043 1990 non

16 2014 78 2082 sint,
98 2029 123 2067 c.
133 2013 149 2068 6
160 2019 237 2083 extr,
255 2014 285 2068 in
299 2030 354 2085 quo
363 2013 622 2071 totocontroversia
631 2014 734 2086 agitur.
768 2011 854 2068 Initio
866 2011 944 2068 facto
955 2029 1042 2069 asen-

15 2093 92 2146 sihus
110 2091 234 2146 ostendit
251 2109 381 2146 sensuum
397 2093 503 2148 iudicia
520 2109 589 2148 vera
606 2097 635 2147 11
647 2097 725 2147 certa
739 2107 813 2161 esse,
833 2089 857 2144 si
870 2091 931 2145 sani
945 2091 1001 2146 sint
1015 2095 1045 2146 et

15 2169 141 2224 valentes
155 2174 184 2224 et
196 2169 289 2224 omnia
301 2177 505 2240 removeantur,
525 2187 598 2242 quae
607 2171 720 2226 obstent
733 2175 763 2225 et
775 2163 939 2240 impediant,
957 2169 1043 2240 inpri-

15 2247 64 2302 mis
74 2246 100 2299 si
109 2246 270 2302 exercitatio
280 2252 310 2302 et
322 2265 368 2302 ars
378 2247 558 2319 adhibeatur,
576 2264 610 2303 ex
618 2247 662 2302 his
675 2245 763 2320 igitur
775 2245 841 2301 visis
850 2245 917 2301 oriri
927 2251 1042 2316 ἐννοίας,

14 2323 140 2394 notitias,
159 2339 231 2395 quae
246 2324 270 2378 si
282 2324 372 2381 icisse
386 2331 435 2380 aut
448 2326 571 2382 incertae
585 2325 654 2394 sint,
674 2341 783 2380 omnem
797 2341 889 2380 rernm
903 2328 932 2380 et
946 2325 1042 2398 cogni·

15 2403 121 2457 tionem
142 2407 172 2457 et
191 2404 352 2458 memoriam
374 2404 450 2475 tolli3
476 2404 594 2460 maxime
616 2419 683 2460 vero
699 2403 833 2458 virtutum
855 2401 1044 2474 cognitionem

16 2480 183 2535 documento
201 2497 274 2549 esse,
292 2481 382 2536 muita
400 2487 428 2537 et
451 2480 649 2553 comprehendi
665 2495 748 2552 posse
762 2485 793 2536 et
807 2479 924 2551 percipi.
967 2479 1044 2552 Ergo

15 2557 37 2610 si
55 2556 105 2627 qui
123 2559 321 2628 comprehendi
334 2559 483 2630 quicquam
506 2575 590 2630 posse
606 2563 726 2631 negent,
744 2574 793 2614 eos
806 2558 898 2629 ipsam
913 2557 1044 2612 virtutem

15 2635 128 2703 tollere,
156 2634 239 2690 imm0
256 2635 343 2691 vitam
361 2643 484 2692 evertere
502 2636 628 2691 fimditns
645 2641 675 2692 et
696 2635 801 2690 animal
823 2635 915 2690 animo
934 2633 1043 2703 orbare,

16 2727 37 2766 c.
52 2711 158 2766 7-10.
192 2711 304 2769 Deinde
318 2731 382 2768 cum
395 2716 493 2769 horum
508 2712 590 2770 reicit
603 2714 782 2784 sententiam,
801 2713 849 2785 qui
868 2717 974 2768 certum
983 2729 1044 2768 esse

16 2791 289 2862 quisquamnegsnt,
307 2793 463 2848 verisimile
478 2792 642 2862 1111111111,
662 2791 737 2863 quod
746 2791 858 2846 sublata
869 2791 929 2846 veri
938 2794 968 2845 et
979 2789 1046 2844 falsi

15 2867 130 2923 notione
148 2873 178 2923 et
195 2869 347 2925 constituta
365 2871 562 2928 communitate
580 2870 640 2926 veri
657 2887 720 2925 oum
737 2869 809 2925 falso
823 2868 974 2924 similitudo
986 2869 1046 2924 veri

15 2945 135 3001 iudicari
142 2962 200 3000 non
208 2947 305 3017 possit,
315 2953 479 3004 tumeorum
487 2949 632 3018 rationem,
649 2948 705 3019 qui,
716 2952 850 3019 percepta
859 2964 922 3002 cum
930 2951 1044 3020 negent,
1129 2943 1131 2950 ’

15 3024 166 3094 perspicus
173 3023 343 3096 largiuntur:
358 3041 449 3098 neque
459 3027 532 3082 enim
540 3027 717 3098 perspicuum
726 3042 787 3082 esse
797 3025 946 3097 quicquam
953 3041 1044 3096 posse,

15 3118 39 3154 r.
49 3118 74 3155 c.
86 3117 167 3156 avem
181 3101 274 3157 albam
287 3119 357 3173 esse,
376 3103 489 3174 quando
500 3104 627 3160 accidere
640 3103 738 3175 possit,
756 3103 897 3159 uteadsm
905 3101 943 3156 sit
954 3103 1044 3174 nigra,

16 3179 146 3233 c.10.11.
182 3177 320 3245 Quoniam
329 3186 423 3236 antem
436 3183 580 3254 perceptio
589 3199 653 3237 cum
663 3181 829 3236 adsensione
843 3180 991 3235 coniuncta
1000 3180 1045 3249 sit,

15 3257 90 3311 hanc
99 3256 183 3312 docet
191 3273 253 3313 esse
262 3258 444 3314 certissimam
454 3277 478 3314 c.
488 3260 530 3314 12.
565 3259 618 3314 His
633 3258 782 3330 disputatis
795 3264 824 3315 et
836 3257 968 3328 expositis
978 3275 1002 3312 c.
1012 3258 1046 3312 13

15 3335 101 3389 totius
110 3335 342 3390 Academicorum
356 3337 473 3392 rationis
486 3337 685 3407 fundamentis,
705 3336 827 3393 ostendit
836 3341 887 3391 aut
898 3351 992 3391 eorum
1000 3351 1045 3389 ra-

15 3410 226 3481 tiocinationes,
246 3413 346 3484 quibus
355 3414 425 3468 nihil
439 3414 638 3488 comprehendi
652 3415 835 3484 contendant,
853 3413 975 3468 incertas
985 3428 1046 3467 esse

17 3496 65 3545 aut
72 3490 178 3545 isinum
187 3490 227 3561 id,
244 3494 319 3566 quod
328 3493 478 3564 disputent,
489 3511 513 3548 c.
523 3494 566 3548 14.
602 3492 659 3549 Sed
667 3499 700 3548 ut
707 3509 790 3564 pares
799 3507 860 3547 esse
868 3489 1047 3545 Academicis

15 3567 156 3638 possimus
173 3585 265 3641 neque
282 3587 301 3626 a
317 3571 435 3627 veritate
453 3571 649 3640 desciscamus,
668 3587 783 3626 necesse
797 3585 858 3624 esse
870 3568 960 3639 primo
974 3582 1046 3638 quse

15 3661 65 3714 pro
83 3644 286 3716 perspicuitate
303 3649 466 3720 responderi
486 3649 595 3720 possint
612 3654 770 3717 teneamus,
795 3644 896 3702 deinde
914 3645 1046 3716 captiosis

16 3740 113 3778 eorum
125 3723 393 3798 interrogationibus
408 3742 551 3784 occurrere
564 3725 711 3799 possimus,
730 3742 755 3779 1.
769 3723 811 3779 15.
846 3721 946 3794 Itaque
961 3722 1046 3793 expli·

16 3801 86 3854 catis
100 3817 125 3856 c.
141 3800 176 3856 15
192 3802 282 3858 tribus
298 3804 531 3860 Academicorum
545 3801 729 3876 argumentis,
748 3817 865 3873 quorum
882 3800 1001 3872 primum
1019 3805 1048 3856 et

15 3878 145 3934 ultimum
160 3884 203 3934 est
216 3897 305 3953 genus
321 3882 393 3937 illud
406 3881 610 3956 interrogandi,
629 3881 704 3953 quod
722 3877 826 3934 1111111
843 3883 952 3934 veteres
964 3894 1047 3933 voca·

15 3955 94 4027 bant,
114 3958 217 4028 quibus
230 3961 403 4016 contendunt
415 3960 486 4016 nihil
499 3961 572 4016 inter
580 3961 641 4016 visa
649 3959 724 4014 falsa
734 3963 837 4014 etvera
849 3957 994 4026 interesse,
1011 3955 1047 4010 iis

15 4051 37 4087 c.
49 4035 93 4104 16,
104 4035 148 4106 17,
160 4036 194 4092 18
205 4039 358 4108 respondet
370 4045 399 4094 et
411 4044 502 4095 totum
515 4039 586 4094 illud
598 4055 689 4111 genus
702 4034 894 4108 interrogandi
903 4039 1046 4105 tamquam

15 4113 148 4168 vitiosum
155 4113 244 4171 reicit
271 4113 840 4190 Hissingulisdeinderespondetcicero,
852 4117 1046 4184 posteaquam

15 4192 104 4262 primo
119 4209 151 4250 se
170 4192 289 4250 Lucullo
307 4197 449 4252 excusarit
471 4197 506 4254 de
526 4193 722 4267 philosophiae
739 4191 926 4250 Academicae
943 4191 1044 4261 studio,

831 4277 873 4334 2.
