2688 4730
268 260 271 272 ’
301 274 344 348 22
605 286 644 342 u.
663 287 800 346 runnu
817 284 1019 344 cromerus

300 411 385 478 bello
410 411 605 487 revertisset,
630 410 833 482 inimicorum
859 409 1017 478 calumnia
1043 409 1177 478 hiennio
1205 413 1331 478 tardius

210 508 212 514 '
300 528 398 591 quam
424 506 578 572 debuerat
603 506 824 593 triumphavit;
854 527 913 570 nos
940 506 1025 572 enim
1051 507 1199 585 consules
1227 507 1332 574 intro-

300 600 448 669 duximus
471 624 574 687 paene
596 601 630 666 in
652 603 766 670 urbem
784 623 911 684 cunum
935 600 1111 672 clarissumi
1134 601 1209 680 viri,
1237 603 1331 668 cuius

300 695 377 760 mihi
395 697 561 762 consilium
580 707 611 763 et
634 696 805 762 auctoritas
828 695 907 780 quid
928 706 997 759 tum
1014 695 1048 760 in
1065 695 1214 764 maximis
1229 698 1329 764 rebus

299 790 472 876 profuisset
489 792 637 870 dicerem,
656 791 717 857 nisi
735 790 775 856 de
788 814 840 858 me
857 791 927 877 ipso
941 791 1112 857 dicendum
1127 802 1220 870 esset,
1241 795 1328 876 quod

299 885 360 950 hoc
383 897 525 972 tempore
547 909 613 952 non
635 898 683 952 est
704 909 845 952 necesse.
888 884 933 950 ita
954 885 1088 971 privabo
1104 887 1212 972 potius
1237 887 1328 954 illum

300 980 407 1046 debito
425 983 605 1047 testimonio
624 1004 720 1066 quam
738 981 773 1045 id
790 1003 864 1046 cum
880 1003 953 1046 mea
969 980 1065 1045 laude
1083 981 1326 1048 communicem.

263 1067 281 1182 Ξ
299 1077 356 1140 sed
378 1097 460 1160 quae
477 1076 624 1163 populari
646 1076 748 1162 gloria
766 1075 907 1140 decorari
928 1075 962 1140 in
979 1073 1117 1142 Lucullo
1136 1076 1326 1154 debuerrmt,

298 1169 421 1237 eadere
440 1182 514 1236 sunt
536 1183 568 1236 et
587 1169 720 1238 Graecis
744 1169 856 1236 litteris
874 1169 1034 1234 celebrata
1052 1181 1085 1236 et
1101 1169 1247 1248 Latinis3
1271 1193 1326 1236 nos

298 1274 404 1330 autem
421 1265 476 1332 illa
494 1276 625 1331 externa
639 1287 713 1330 cum
725 1263 844 1342 multis,
862 1263 943 1331 haec
959 1263 1109 1331 interiora
1122 1286 1196 1331 oum
1212 1268 1325 1351 paucis

298 1381 339 1426 ex
355 1359 425 1446 ipso
444 1383 540 1446 saepe
559 1360 782 1446 cognovimus:
801 1357 921 1425 maiore
939 1359 1025 1424 enim
1043 1359 1147 1426 studio
1165 1359 1326 1426 Lucullus

298 1455 480 1518 cumomni
506 1454 683 1520 litterarum
708 1454 834 1540 generi,
861 1465 931 1518 tum
956 1453 1174 1540 philosophiae
1197 1454 1326 1522 deditus

296 1547 371 1626 fuit,
391 1569 488 1633 quam
506 1549 562 1632 qui
579 1548 670 1614 illum
686 1548 879 1634 ignorabant
896 1547 1146 1625 arbitrabantur,
1168 1570 1229 1614 nee
1249 1571 1325 1614 vero

296 1641 425 1708 ineunte
443 1653 546 1710 aetate
565 1644 677 1720 solum,
697 1643 752 1710 sed
775 1655 808 1710 et
823 1665 881 1729 pro
900 1653 1066 1728 quaestore
1085 1643 1203 1727 aliquot
1223 1667 1326 1708 annos

297 1745 330 1802 et
351 1737 385 1801 in
406 1737 477 1824 ipso
500 1737 598 1814 belle,
620 1739 655 1804 in
672 1759 736 1822 quc
753 1737 799 1802 ita
816 1760 933 1824 magna
949 1737 996 1802 rei
1017 1737 1162 1802 militaris
1180 1759 1253 1803 esse
1272 1761 1326 1804 oc-

297 1832 424 1918 cupatio
442 1834 536 1911 solet,
554 1845 672 1900 utnon
688 1833 825 1900 multum
846 1832 1030 1918 imperatori
1051 1833 1111 1899 sub
1133 1832 1209 1918 ipsis
1232 1835 1327 1919 pelli·

296 1926 358 1993 bus
377 1927 433 1991 otii
453 1919 662 2010 relinquatur.
706 1949 779 1992 cum
802 1937 911 1992 autem
935 1949 952 1993 e
975 1927 1170 2013 philosophis
1193 1927 1326 2013 ingenio

297 2020 491 2104 scientiaque
507 2032 674 2107 putaretur
691 2021 882 2100 Antiochus,
899 2021 1045 2088 Philonis
1063 2021 1197 2099 auditor,
1217 2027 1327 2088 excel·

295 2116 371 2193 lere,
390 2139 464 2180 eum
482 2139 591 2182 secum
605 2129 636 2182 et
649 2127 797 2201 quaestor
814 2115 927 2184 habuit
944 2127 977 2183 et
993 2128 1066 2203 post
1083 2117 1204 2201 aliquot
1221 2141 1327 2184 annos

294 2209 480 2296 imperator,
502 2211 621 2296 quique
644 2223 728 2278 esset
750 2234 791 2278 ea
811 2211 980 2290 memoria,
1002 2234 1066 2296 qua
1083 2222 1156 2278 ante
1179 2211 1262 2291 dixi,
1291 2239 1328 2280 ea

296 2326 391 2390 saepe
417 2304 575 2373 audiendo
601 2305 696 2372 facile
723 2305 887 2394 cognovit,
913 2327 995 2390 quae
1017 2307 1069 2371 vel
1091 2305 1188 2384 semel
1211 2309 1329 2374 audita

295 2398 476 2466 meminisse
492 2400 657 2486 potuisset
681 2401 898 2470 delectabatur
911 2411 1018 2468 autem
1036 2401 1167 2466 mirifice
1185 2402 1327 2470 lectione

295 2495 458 2574 librorum,
477 2496 516 2562 de
534 2496 651 2582 quibus
669 2497 829 2562 audiebat.

265 2609 279 2650 ⁵
361 2591 408 2658 At
425 2613 537 2657 vereor
553 2592 714 2660 interdum
732 2616 773 2659 ne
792 2592 905 2658 talium
921 2613 1143 2678 personarum,
1161 2614 1237 2656 cum
1255 2618 1330 2662 am-

295 2686 435 2772 plificare
452 2686 559 2763 velim,
578 2687 721 2755 minuam
739 2688 835 2754 etiam
851 2687 995 2773 gloriam.
1023 2699 1097 2752 sunt
1115 2686 1200 2754 enim
1217 2691 1328 2765 multi,

294 2780 350 2864 qui
367 2780 495 2846 omnino
515 2779 656 2848 Graecas
673 2805 738 2848 non
756 2793 863 2848 ament
880 2781 1011 2859 litteras,
1029 2783 1152 2867 plures,
1175 2782 1231 2866 qui
1248 2786 1330 2868 phi·

293 2875 480 2961 losophiam,
498 2876 622 2961 reliqui,
640 2877 695 2962 qui
704 2877 801 2944 etiam
810 2877 836 2942 si
850 2875 929 2945 haee
938 2899 1003 2942 non
1016 2876 1193 2962 inprobent,
1210 2887 1331 2946 tamen

294 2991 404 3037 earum
425 2992 533 3038 rerum
556 2971 800 3058 disputationem
822 2971 1017 3057 principibus
1036 2971 1170 3038 civitatis
1191 2993 1258 3038 non
1283 2977 1331 3042 ita

294 3064 442 3132 decoram
463 3077 586 3154 putent.
632 3089 693 3153 ego
716 3076 836 3145 antem,
864 3085 938 3133 cum
960 3064 1103 3134 Graecas
1124 3065 1246 3132 litteras
1274 3070 1329 3138 M.

295 3158 451 3228 Catonem
468 3163 502 3227 in
520 3172 682 3230 senectute
697 3162 843 3228 didicisse
857 3163 1045 3250 acceperim,
1062 3163 1102 3228 P.
1113 3174 1220 3229 autern
1228 3165 1331 3234 Afri-

294 3256 366 3324 cani
390 3256 542 3324 historiae
565 3259 738 3342 loquantur
762 3257 796 3324 in
821 3257 980 3344 legatione
1002 3258 1057 3324 illa
1078 3257 1192 3336 nobili,
1219 3281 1330 3342 qnam

294 3361 367 3418 ante
386 3373 553 3421 censuram
572 3351 664 3429 obiit,
692 3350 883 3418 Panaetium
904 3375 1005 3420 unum
1023 3353 1151 3418 omnino
1169 3354 1331 3424 comitem

293 3446 409 3527 fuisse,
435 3468 495 3512 nec
516 3445 693 3516 litterarum
712 3445 910 3516 Graecarum
930 3471 990 3514 nec
1011 3447 1231 3535 philosophiae
1253 3450 1331 3518 iam

263 3542 395 3608 cultum
412 3551 574 3608 auctorem
594 3541 732 3626 requiro.
774 3553 873 3610 restat
889 3554 926 3608 ut
947 3543 986 3608 iis
1008 3544 1234 3629 respondeam,
1266 3551 1332 3632 qui

293 3635 491 3702 sermonibus
518 3637 585 3703 eius
612 3637 699 3702 modi
721 3637 822 3704 nolint
848 3659 1000 3725 personas
1023 3648 1088 3703 tam
1111 3638 1219 3724 gravis
1245 3638 1337 3727 iuli-q

292 3730 377 3817 gari:
396 3729 488 3816 quasi
504 3753 581 3798 vero
594 3732 751 3801 clarorum
765 3733 905 3800 virorum
922 3742 978 3798 aut
995 3733 1108 3800 taeitos
1125 3745 1337 3832 congressusl

293 3849 363 3892 esse
381 3836 524 3911 oporteat
541 3837 597 3892 aut
614 3828 752 3894 ludicros
771 3850 932 3897 sermones
949 3838 1007 3893 aut
1022 3851 1130 3894 rerum
1147 3829 1337 3916 conloquia

290 3919 460 3988 levioruml
492 3921 623 4002 etenim,
650 3921 678 3988 si
700 3923 838 4008 quodam
859 3922 894 3989 in
915 3923 995 3990 libro
1018 3945 1093 3990 vere
1115 3935 1163 3990 est
1180 3946 1200 3989 a
1222 3929 1330 3996 nobis

292 4014 493 4102 philosophia
509 4016 655 4095 laudata,
672 4017 815 4103 profecto
834 4017 901 4084 eius
919 4021 1064 4086 tractatio
1081 4019 1200 4106 optimo
1219 4031 1310 4107 atqu

293 4108 487 4196 amplissimo
509 4131 638 4196 quoque
660 4111 846 4198 dignissima
868 4123 930 4192 est,
952 4115 1203 4199 necquicquam
1226 4116 1303 4185 aliu
