2688 4730
206 329 517 390 ACADEMICORUM
533 331 710 389 PRIORUM
727 329 765 386 fl.
784 331 928 389 loo-105.
1036 315 1079 380 59

52 455 139 521 bilia.
169 478 234 521 non
252 455 377 522 videtur
392 456 455 521 hoo
473 455 549 522 satis
568 479 638 522 esse
656 456 757 521 vobis.
790 478 830 521 ne
849 455 903 520 sit:
922 455 977 519 illa
994 465 1078 518 certe

53 551 208 617 debemus
230 550 387 639 effugere,
415 571 498 636 quae
521 575 542 617 a
563 561 594 617 te
612 552 664 616 vel
687 550 825 616 maxime
849 550 969 636 agitata
991 559 1079 614 sunt:

54 645 145 711 ‘nibil
172 646 269 732 igitur
294 647 416 711 cernis?
446 645 526 711 nihil
549 645 662 712 audis?
694 645 773 709 nihil
802 644 861 709 tibi
883 657 932 710 cst
957 641 1081 730 perspi-

54 739 183 806 cuumi’
216 740 371 826 explicavi
397 742 494 826 paulo
522 752 596 806 ante
620 737 821 807 Clitomacho
844 750 989 815 auctore,
1016 760 1080 824 quo

54 834 148 899 modo
165 833 226 899 ista
245 832 429 900 Carneades
447 834 577 901 diceret.
622 835 746 921 accipe,
770 833 927 919 quemad
949 832 1080 899 modum

54 929 166 994 eadem
190 930 335 994 dicantur
357 953 377 994 a
396 926 596 995 Clitomacho
623 929 657 994 in
676 951 714 996 eo
735 929 817 994 libro
824 977 833 1007 ,
862 951 958 1013 quem
981 928 1023 993 ad
1040 927 1080 994 C.

54 1023 216 1090 Lucilium
242 1023 368 1109 scripsit
395 1021 580 1111 [poetam],
608 1046 682 1088 cum
708 1023 887 1110 scripsisset
911 1023 1014 1089 isdem
1041 1023 1080 1087 de

53 1119 149 1184 rebus
167 1119 209 1184 ad
226 1119 267 1184 L.
287 1115 512 1197 Censorinum,
531 1143 615 1197 eum,
634 1119 689 1205 qui
708 1119 819 1185 consul
837 1141 911 1184 cum
928 1117 988 1184 Μ’.
1006 1117 1082 1182 Ma·

52 1213 129 1278 nilio
155 1212 226 1278 fuit.
271 1213 398 1298 scripsit
423 1213 522 1300 igitur
548 1213 688 1280 hissera
711 1212 971 1279 verbis—sunt
996 1213 1082 1278 enim

53 1307 131 1372 mihi
148 1317 234 1385 nota,
251 1321 419 1394 propterea
432 1309 520 1393 quod
533 1331 644 1376 earum
660 1310 803 1395 ipsarum
818 1330 935 1386 rerum,
954 1307 994 1373 de
1011 1307 1082 1392 qui-

54 1402 113 1468 bus
132 1403 267 1489 agimus,
285 1402 389 1488 prima
405 1403 561 1469 institutio
580 1414 612 1470 et
629 1404 722 1488 quasi
739 1403 906 1489 disciplina
927 1402 982 1467 illo
999 1401 1081 1466 libro

54 1497 233 1562 continetur
247 1521 305 1560 -ε
329 1497 387 1562 sed
404 1499 558 1584 scriptum
576 1509 624 1564 est
645 1499 704 1563 ita:
727 1497 933 1562 Academicis
954 1497 1081 1583 placere
1095 1515 1132 1558 ros

54 1687 231 1764 videantur,
250 1685 331 1752 aliae
349 1699 474 1753 contra:
492 1687 526 1752 id
544 1698 651 1753 autem
669 1709 735 1753 non
752 1709 822 1752 esse
840 1686 928 1764 satis,
947 1685 1083 1751 curalio

54 1803 148 1866 posse
165 1781 287 1868 percipi
300 1779 398 1859 dicas,
417 1781 480 1846 alia
492 1803 558 1847 non
574 1803 680 1868 posse,
698 1793 868 1868 propterea
882 1782 969 1866 quod
982 1782 1084 1845 multa

55 1877 135 1941 salsa
152 1876 331 1963 probabilia
348 1877 427 1955 sint,
451 1877 531 1942 nihil
553 1889 660 1943 autem
678 1876 753 1943 falsi
773 1887 960 1963 perceptum
979 1888 1012 1942 et
1030 1898 1083 1941 co-

56 1973 180 2057 gnitum
201 1971 302 2057 possit
324 1994 404 2038 esse.
452 1972 560 2058 itaque
583 1973 628 2038 ait
654 1972 860 2039 vehementer
885 1993 990 2038 errare
1017 1993 1082 2050 cos,

57 2067 110 2149 qui
128 2066 236 2132 dicant
252 2065 294 2130 ab
308 2066 487 2132 Academia
503 2090 616 2132 sensus
632 2069 721 2152 eripi,
740 2090 761 2131 a
778 2066 896 2151 quibus
907 2087 1083 2150 numquam

57 2159 176 2225 dictum
199 2160 240 2225 sit
263 2171 319 2225 aut
337 2161 475 2226 colorem
498 2173 554 2226 aut
578 2183 725 2247 saporem
746 2173 802 2226 aut
825 2183 939 2226 sonum
959 2161 1083 2225 nullum

57 2275 140 2332 esse,
165 2254 246 2319 illud
272 2254 313 2318 sit
338 2255 550 2340 disputatum,
576 2277 642 2321 non
662 2253 768 2321 inesse
790 2253 825 2319 in
849 2255 889 2320 iis
910 2252 1083 2340 propriam,

57 2371 138 2433 quae
164 2371 323 2434 nusquam
349 2350 427 2414 alibi
453 2361 551 2429 esset,
579 2349 647 2416 veri
673 2360 705 2416 et
731 2350 808 2415 certi
832 2361 951 2414 notam.
1000 2371 1083 2434 quae
1097 2369 1136 2409 los

58 2465 131 2507 cum
148 2445 362 2530 exposuisset,
385 2445 531 2532 adiungit
549 2445 718 2531 dupliciter
735 2445 798 2510 dici
817 2444 971 2510 adsensus
990 2444 1084 2509 susti·

57 2561 131 2604 nere
149 2537 339 2625 sapientem:
356 2561 422 2604 uno
439 2540 545 2618 mode,
563 2563 638 2606 cum
650 2540 712 2606 hoc
729 2539 942 2626 intellegatur,
955 2539 1083 2604 omnino

58 2656 131 2697 eum
148 2634 195 2699 rei
211 2633 291 2697 nulli
309 2633 475 2712 adsentiri3
494 2635 604 2713 altero,
623 2655 697 2700 cum
710 2657 744 2700 se
758 2658 779 2698 a
792 2633 1014 2720 respondendo
1032 2631 1085 2719 [ut

57 2741 110 2793 aut
128 2727 283 2813 adprobet
292 2727 371 2812 quid
383 2740 439 2794 aut
456 2727 618 2816 inprobet]
637 2730 802 2808 sustineat,
819 2741 856 2794 ut
868 2750 973 2813 neque
987 2740 1084 2814 neget

57 2822 177 2907 aliquid
198 2844 303 2906 neque
326 2824 400 2888 aiat
443 2824 477 2889 id
495 2846 569 2890 cum
590 2824 637 2890 ita
654 2825 708 2902 sit,
732 2825 867 2890 alterum
884 2825 1025 2911 placere,
1049 2835 1085 2888 ut

56 2940 232 3003 numquam
249 2917 453 2995 adsentiatur,
471 2921 606 2986 alterum
622 2931 741 2997 tenere,
759 2932 796 2985 ut
814 2943 950 3008 sequens
968 2919 1084 3005 proba·

18 3043 19 3046 ¹
57 3012 224 3088 bilitatem‚
245 3013 439 3098 ubicumque
457 3014 537 3080 haec
555 3027 611 3080 aut
629 3027 774 3081 occurrat
791 3027 847 3080 aut
865 3013 1005 3093 deficiat,
1029 3024 1084 3078 aut

57 3106 184 3172 ‘etiam’
211 3118 267 3172 aut
298 3109 390 3173 ‘non’
421 3110 614 3196 respondere
639 3111 754 3197 possit3
782 3121 814 3176 et
845 3133 918 3177 cum
949 3111 1083 3197 placeat,

58 3223 145 3278 eum,
164 3200 278 3285 quide
296 3203 442 3268 omnibus
461 3204 558 3270 rebus
576 3205 736 3271 contineat
753 3229 787 3272 se
805 3204 846 3270 ab
865 3204 1083 3280 adsentiendo,

57 3296 178 3362 moveri
200 3306 307 3362 tamen
330 3308 362 3362 et
379 3320 474 3384 agere
492 3299 629 3384 aliquid,
654 3300 791 3385 relinqui
808 3300 876 3365 eius
894 3299 982 3364 modi
1004 3299 1083 3374 visa,

58 3390 174 3474 quibus
192 3391 233 3456 ad
251 3392 408 3459 actionem
425 3394 614 3473 excitemur3
631 3395 708 3461 item
726 3419 780 3474 ea,
798 3415 881 3480 quae
898 3393 1082 3480 interrogati

58 3485 88 3549 in
107 3495 275 3570 utramque
292 3498 416 3573 partem
432 3491 623 3576 respondere
639 3490 809 3577 possimus,
827 3499 995 3575 sequentes
1014 3501 1085 3553 tan·

59 3591 125 3645 tum
141 3580 248 3658 modo,
267 3582 355 3666 quod
370 3582 416 3648 ita
433 3584 538 3650 visum
556 3584 611 3663 sit,
629 3586 707 3650 dum
724 3586 792 3651 sine
809 3586 947 3651 adsensu
952 3609 961 3662 ;
978 3607 1083 3669 neque

58 3685 165 3740 tamen
177 3676 284 3740 omnia
297 3677 365 3743 eius
377 3677 464 3743 modi
478 3679 548 3744 visa
565 3679 745 3766 adprobari,
764 3679 820 3744 sed
834 3702 882 3757 ea,
901 3701 984 3763 quae
996 3679 1084 3742 nulla

58 3793 91 3835 re
108 3770 336 3864 inpedirentur.
380 3773 459 3840 haec
477 3775 504 3840 si
521 3775 613 3841 vobis
630 3798 696 3840 non
710 3774 903 3860 probamus,
921 3775 984 3838 sint
1002 3773 1134 3838 falsane

18 3947 19 3952 ἵ
60 3888 145 3944 sane,
162 3865 319 3933 invidiosa
337 3880 421 3935 certe
434 3891 499 3934 non
512 3881 600 3948 sunt3
617 3892 682 3935 non
700 3870 785 3934 enim
801 3869 907 3934 lucem
921 3867 1083 3954 eripimus,

18 3977 19 3980 ’
60 3959 115 4024 sed
132 3983 184 4038 ea,
202 3971 292 4044 quae'
303 3983 360 4028 vos
378 3964 498 4050 percipi
517 3964 810 4051 conprehendique,
829 3962 942 4027 eadem
959 3983 1032 4037 nos,
1056 3960 1085 4024 si

18 4109 19 4144 ἶ
60 4055 154 4121 modo
171 4055 350 4144 probabilia
367 4058 443 4136 sint,
466 4059 567 4126 videri
584 4060 728 4125 dicimus.
773 4057 933 4142 sicigitur
953 4057 1083 4121 inducto
1100 4070 1135 4125 33

60 4161 92 4216 et
113 4151 283 4217 constituto
304 4153 477 4239 probabili,
505 4167 537 4221 et
559 4177 596 4220 eo
622 4154 752 4240 quidem
779 4151 942 4238 expedito,
970 4152 1083 4228 soluto,
