2688 4730
292 272 335 336 34
599 248 1010 346 u.runnnorcnsor1s

289 423 412 476 rectum
439 421 471 476 et
492 433 642 498 pravum,
670 412 718 478 sic
738 412 820 478 inter
842 435 954 477 verum
977 423 1009 478 et
1029 411 1159 478 falsum:
1187 413 1216 479 si
1237 413 1321 479 nihil

188 593 190 600 Ι
289 506 433 583 interest,
450 506 538 570 nulla
555 507 669 591 regula
685 518 743 584 est,
761 529 821 573 nec
837 518 942 592 potest
958 507 997 582 is,
1016 509 1067 572 cui
1085 518 1133 572 est
1150 508 1231 574 viu'o
1249 509 1322 574 reri

189 605 190 615 ’
288 600 426 684 falsique
450 601 641 678 communis,
672 602 773 666 ullum
806 601 924 667 habere
954 601 1110 668 iudicium
1133 615 1190 668 aut
1214 604 1320 668 ullam

288 697 417 762 omnino
439 697 583 762 veritatis
603 707 722 763 notam.
766 721 843 762 nam
860 719 933 762 cum
952 697 1060 763 dicunt
1082 697 1144 763 hoo
1161 720 1195 763 se
1212 720 1319 762 unum

288 789 407 868 tollere,
424 802 461 857 ut
474 792 646 876 quicquam
659 791 760 878 possit
770 792 816 857 ita
829 815 932 857 caum
944 792 1057 870 videri,
1074 803 1111 857 ut
1121 814 1193 858 non.
1201 793 1319 858 eodem

287 887 382 952 modo
400 886 518 950 falsum
531 887 627 952 etiam
644 887 745 973 possit
757 887 868 974 videri,
887 897 993 954 cetera
1007 899 1114 953 autem
1129 889 1319 962 concedere,

288 981 411 1048 faciunt
439 980 616 1067 pueriliter3
644 1003 708 1066 quo
736 983 819 1047 enim
846 983 953 1047 omnia
981 983 1163 1048 iudicantur
1187 983 1319 1048 sublato

248 1121 249 1128 ι
287 1076 411 1160 reliqua
428 1099 462 1140 se
479 1088 599 1162 negant
616 1077 741 1153 tollere;
767 1087 804 1141 ut
825 1078 853 1143 si
875 1077 946 1161 quis
967 1099 1065 1162 quem
1087 1077 1186 1143 oculis
1207 1078 1320 1164 priva·

288 1171 382 1248 uerit,
411 1169 496 1236 dicat
513 1195 565 1249 ea,
592 1193 675 1255 quae
693 1171 780 1236 cerni
796 1184 941 1258 possent,
963 1193 998 1238 se
1017 1173 1047 1237 ei
1063 1194 1129 1238 non
1146 1173 1318 1238 ademisse.

289 1279 324 1333 ut
343 1267 427 1333 enim
449 1267 503 1332 illa
526 1267 625 1332 oculis
647 1268 742 1332 modo
760 1280 991 1354 agnoscuntur,
1018 1269 1064 1334 sio
1085 1269 1209 1353 reliqua
1228 1269 1318 1344 visis,

289 1364 345 1428 sed
362 1363 490 1448 propria
507 1362 584 1440 veri,
602 1385 668 1427 non
685 1364 846 1428 communi
862 1364 929 1432 veri
947 1375 980 1430 et
996 1363 1070 1429 falsi
1086 1375 1173 1428 nota.
1218 1385 1319 1448 quam

289 1459 426 1536 obrem,
445 1457 512 1523 sive
529 1467 565 1522 tu
582 1458 782 1543 probabilem
798 1459 963 1536 visionem,
982 1459 1049 1523 sive
1066 1457 1271 1544 probabilem
1291 1471 1319 1522 et

289 1573 372 1636 quae
393 1574 457 1616 non
479 1553 674 1638 inpediatur,
701 1563 739 1618 ut
761 1549 945 1618 Carneades
967 1552 1110 1629 volebat,
1137 1552 1203 1617 sive
1229 1553 1319 1617 aliud

289 1648 366 1732 quid
383 1646 526 1732 proferes
544 1647 631 1730 quod
648 1669 797 1731 sequare,
815 1647 856 1712 ad
873 1647 977 1712 visum
994 1646 1088 1724 illud,
1107 1647 1147 1712 de
1165 1667 1231 1730 quo
1250 1647 1320 1734 agi-

242 1752 267 1793 ³4
289 1765 370 1820 mus,
389 1742 447 1806 tibi
464 1741 524 1807 erit
541 1743 773 1808 revertendum.
817 1741 851 1806 in
869 1763 907 1808 eo
925 1752 1032 1807 autem
1051 1742 1078 1806 si
1096 1741 1155 1806 erit
1172 1762 1319 1806 commu·

288 1837 371 1902 nitas
389 1859 462 1902 cum
478 1837 571 1915 falso,
589 1837 712 1901 nullum
727 1837 785 1902 erit
801 1837 965 1914 iudicium,
982 1837 1059 1920 quia
1074 1835 1243 1922 proprium
1252 1835 1281 1924 [
1306 1834 1318 1921 ]

290 1932 449 1997 communi
472 1931 563 2018 signo
585 1932 689 1996 notari
709 1953 774 1995 non
795 1942 913 2018 potest3
940 1932 990 1996 sin
1016 1941 1123 1997 autern
1145 1952 1319 1996 commune

289 2027 367 2093 nihil
390 2026 463 2104 erit,
489 2027 592 2092 habeo
615 2026 702 2110 quod
724 2026 814 2091 volo:
840 2026 874 2090 id
896 2026 980 2090 enim
998 2047 1133 2110 quaero,
1160 2027 1252 2110 quod
1278 2027 1319 2091 ita

289 2121 368 2188 mihi
389 2122 534 2187 videatur
557 2143 683 2198 verum,
707 2132 828 2185 utnon
849 2121 950 2206 possit
965 2121 1042 2187 item
1063 2120 1181 2187 falsum
1202 2120 1319 2187 videri.

291 2215 385 2282 simili
405 2216 439 2280 in
457 2238 562 2282 errore
585 2226 765 2292 versantur,
792 2237 865 2281 cum
887 2215 1024 2280 convitio
1046 2215 1188 2281 veritatis
1214 2217 1320 2282 coacti

290 2311 458 2397 perspicua
490 2334 509 2376 a
540 2311 697 2396 perceptis
728 2311 840 2375 volunt
869 2309 1063 2396 distinguere
1096 2321 1130 2375 et
1160 2323 1320 2376 conantur

291 2406 457 2472 ostendere
481 2427 551 2470 esse
569 2404 690 2490 aliquid
712 2403 886 2491 perspicui,
908 2427 1021 2470 verum
1036 2405 1117 2470 illud
1139 2404 1277 2488 quidem
1295 2419 1319 2471 et

290 2501 469 2586 inpressum
486 2500 519 2564 in
537 2500 643 2564 animo
657 2509 751 2583 atqua
769 2510 885 2576 mente,
902 2521 1007 2582 nequa
1019 2509 1127 2566 tamen
1143 2500 1177 2565 id
1193 2501 1319 2585 percipi

292 2617 329 2660 ac
352 2593 565 2681 conprehendi
582 2596 688 2679 posse.
715 2615 780 2678 quo
798 2593 883 2660 enim
900 2594 995 2658 modo
1012 2593 1179 2680 perspicue
1198 2595 1319 2660 dixeris

291 2690 400 2756 album
419 2713 488 2754 esse
511 2689 645 2772 aliquid,
668 2711 742 2754 cum
758 2689 859 2774 possit
876 2689 1020 2754 accidere
1040 2700 1078 2754 ut
1092 2689 1140 2767 id,
1162 2691 1256 2773 quod
1274 2692 1319 2755 ni·

291 2808 384 2870 grum
407 2784 461 2860 sit,
488 2783 597 2847 album
618 2806 688 2850 esse
709 2782 951 2849 videaturlant
973 2805 1036 2868 quo
1059 2785 1153 2848 modo
1175 2784 1240 2848 ista
1268 2797 1320 2849 aut

291 2879 460 2966 perspicua
478 2879 619 2944 dicemus
642 2889 698 2944 aut
714 2882 807 2944 manti
822 2879 966 2964 inpressa
983 2878 1154 2956 subtiliter,
1177 2901 1257 2944 cum
1284 2881 1319 2945 sit

292 2976 457 3051 incertum,
475 2996 549 3040 vere
566 2973 742 3040 inaniterne
758 2975 944 3039 moveatur?
969 2974 1015 3038 ita
1031 2995 1137 3058 neque
1155 2973 1245 3038 color
1266 2999 1320 3040 ne-

185 3071 190 3078 ’
292 3091 355 3154 que
386 3090 499 3154 corpus
531 3091 591 3135 nec
622 3069 739 3134 veritas
769 3091 829 3134 neo
858 3078 1084 3154 argumentum
1112 3090 1173 3134 nec
1204 3091 1320 3134 sensus

244 3181 270 3222 ⁸⁵
291 3185 395 3249 neque
421 3163 625 3250 perspicuum
651 3165 752 3229 ullum
777 3163 974 3247 relinquitur.
1023 3187 1064 3228 ex
1085 3163 1146 3229 hoc
1171 3163 1258 3228 illud
1286 3165 1321 3229 iis

291 3282 354 3324 usu
371 3260 479 3325 venire
497 3259 591 3336 solet,
615 3270 665 3336 ut,
684 3258 835 3342 quicquid
852 3258 1003 3334 dixerint,
1022 3280 1042 3322 a
1059 3257 1256 3341 quibusdam
1276 3260 1323 3322 in·

292 3365 504 3440 terrogentur:
532 3361 624 3440 ‘ergo
645 3353 728 3419 istuc
754 3353 884 3437 quidem
909 3352 1080 3439 percipisl’
1113 3352 1172 3418 sed
1193 3353 1255 3436 qui
1279 3355 1322 3419 ita

291 3448 502 3536 interrogant,
528 3448 570 3513 ab
595 3449 634 3513 iis
660 3448 845 3514 inridentur.
898 3469 964 3513 non
990 3447 1073 3513 enim
1099 3458 1259 3532 urguent,
1290 3459 1322 3513 ut

293 3556 476 3632 coarguant,
494 3544 653 3609 neminem
671 3545 738 3609 ulla
754 3544 793 3609 de
809 3565 845 3608 re
861 3565 956 3629 posse
973 3541 1164 3607 contendere
1181 3562 1244 3606 nec
1266 3545 1322 3609 ad·

292 3662 437 3705 severare
456 3639 523 3706 sine
541 3640 648 3725 aliqua
670 3639 737 3706 eius
754 3638 815 3716 rei,
839 3660 936 3722 quam
954 3636 1016 3702 sibi
1033 3637 1168 3721 quisque
1188 3635 1323 3721 placere

293 3735 379 3812 dicit,
397 3745 484 3801 certa
500 3745 532 3802 et
548 3735 676 3822 propria
689 3744 773 3801 nota.
796 3734 884 3818 quod
896 3743 945 3799 est
960 3732 1058 3819 igitur
1074 3731 1157 3797 istuc
1174 3741 1322 3796 vestrum

292 3829 475 3916 probabile?
501 3831 635 3909 namsi,
657 3830 744 3914 quod
762 3828 876 3912 cuique
893 3827 1031 3894 occurrit
1049 3837 1081 3893 et
1101 3826 1204 3912 primo
1223 3827 1323 3908 quasi

293 3936 424 4011 aspectu
440 3927 605 4011 probabile
618 3925 752 4003 videtur,
768 3924 804 3989 id
816 3923 1029 4000 confirmatur,
1048 3921 1126 4006 quid
1139 3941 1177 3986 eo
1194 3919 1323 3988 levius?

245 4034 272 4075 ³⁶
294 4022 351 4097 sin,
370 4043 411 4085 ex
428 4021 707 4106 circumspectione
725 4018 831 4103 aliqua
849 4029 882 4084 et
898 4030 1047 4085 accurata
1064 4015 1322 4083 consideratione

293 4115 381 4199 quod
401 4115 505 4180 risum
528 4116 581 4192 sit,
607 4115 639 4178 id
663 4137 698 4180 se
719 4112 826 4178 dicent
847 4112 952 4196 sequi,
977 4124 1085 4178 tamen
1107 4111 1228 4177 exitum
1252 4135 1323 4178 non
