2688 4730
304 293 349 362 20
612 309 652 365 Μ.
668 307 805 366 runnu
821 307 1021 372 CICERONIS

304 429 887 502 maguumsaopinatcremesscconfessus,
902 447 926 486 o.
935 431 978 500 20,
984 431 1033 502 213
1042 431 1144 490 deinde
1153 433 1189 489 de
1197 433 1332 492 Antiochi

304 507 335 562 in
352 507 507 562 deserenda
519 506 645 561 Philonis
658 507 805 578 disciplina
821 506 935 564 levitate
948 525 1041 579 pauca
1054 509 1124 564 dixit
1136 526 1161 566 a
1169 510 1214 565 22.
1251 511 1331 568 Gom·

303 582 463 640 memoratis
473 600 540 656 ergo
550 601 717 639 summorum
729 585 870 639 hominum
879 585 1101 657 auctoritatibus,
1119 588 1167 658 qui
1180 587 1256 643 nihil
1265 593 1332 646 certi

304 678 366 718 msc
385 662 589 732 contenderint,
612 679 637 718 c.
650 663 699 732 23,
713 663 748 718 24
765 680 894 718 sensuum
911 665 1057 720 veritatem
1073 665 1232 739 impugnat.
1275 669 1331 723 Aut

304 757 368 796 cum
376 740 497 811 Epicuro
510 741 658 795 dicendum
671 758 732 796 esse
745 759 842 797 sensus
850 758 1001 812 numquam
1017 741 1117 798 fallere
1135 743 1282 801 hominem
1296 755 1329 814 et,

304 817 424 872 sisemel
430 817 540 872 mentiti
548 817 611 887 sint,
621 835 772 890 numquam
779 819 813 872 iis
822 818 999 888 credendum,
1011 824 1061 874 aut
1070 837 1133 874 cum
1140 819 1266 878 Lucullo
1277 824 1330 879 alis

304 910 434 950 sensuum
446 895 507 948 visa
520 912 580 950 esse
592 912 667 964 vera,
687 895 744 950 alia
756 895 845 950 falsa:
862 912 917 966 quo
925 900 1035 966 sumpto
1048 897 1156 952 nullam
1167 915 1303 954 verorum
1316 919 1329 956 a

302 971 383 1026 falsis
391 971 635 1028 discernendorum
643 978 739 1028 notam
746 973 874 1043 relinqui,
893 989 918 1028 c.
927 973 970 1042 25,
979 974 1023 1028 26.
1057 973 1134 1037 Male
1148 980 1246 1032 autem
1261 978 1329 1032 illud

302 1049 385 1118 obici,
404 1048 530 1105 artificiis
544 1050 676 1105 adhibitis
686 1056 715 1106 et
727 1051 897 1123 cogitatione
907 1050 982 1106 effici
994 1058 1118 1122 possent
1130 1053 1328 1126 intellegamus

303 1126 439 1182 alitcrres
448 1144 509 1183 esse
519 1143 553 1181 ac
560 1127 714 1197 videantur,
725 1129 841 1197 somnia,
851 1128 900 1183 ubi
909 1127 1141 1200 evigilaverimus,
1150 1129 1226 1185 falsa
1234 1133 1328 1202 putari

303 1203 610 1259 etrisavinolentcrum
619 1205 830 1275 etfuriosorum,
848 1205 899 1261 ubi
907 1222 937 1261 se
945 1206 1111 1277 receperint.
1145 1206 1219 1265 Nam
1230 1210 1328 1265 dehoc

302 1296 360 1336 non
369 1280 513 1352 disputari,
524 1282 574 1337 sed
582 1282 678 1352 qualia
685 1282 756 1338 haec
764 1283 921 1352 videantur,
936 1299 999 1337 cunr
1007 1278 1162 1354 videantur,
1177 1285 1207 1340 id
1217 1287 1326 1358 quaeri

302 1357 366 1414 Non
380 1358 454 1412 enim
467 1375 528 1414 esse
546 1359 661 1414 dubium
679 1360 758 1431 quin,
778 1378 841 1415 cum
855 1360 1014 1429 videantur,
1032 1362 1199 1432 probentur,
1217 1381 1256 1419 ex
1274 1383 1327 1436 quc

303 1434 441 1490 efficiatur
449 1437 522 1491 inter
529 1437 590 1492 visa
598 1455 665 1493 vera
673 1443 703 1492 et
714 1437 789 1493 falsa
798 1439 835 1493 ad
844 1438 930 1494 animi
940 1438 1089 1494 adsensum
1097 1439 1167 1494 nihil
1180 1439 1328 1510 iuteresse,

302 1529 327 1568 c.
340 1513 383 1582 27,
397 1514 440 1568 28.
474 1512 572 1586 Neque
585 1516 722 1572 rationem
734 1517 825 1588 magis
843 1515 993 1587 quicquam
1006 1533 1041 1572 ac
1059 1533 1155 1572 sensus
1172 1520 1328 1590 percipere.

301 1590 375 1647 Nam
388 1590 462 1662 quod
476 1590 641 1648 dialecticae
647 1595 771 1647 ¹multum
784 1592 872 1649 Stoici
884 1593 1022 1663 tribuant,
1039 1594 1160 1664 primum
1173 1611 1233 1650 non
1245 1614 1328 1668 posse

303 1667 480 1722 dialecticum
493 1685 558 1724 uc.
572 1669 705 1725 derebus
723 1670 898 1742 geometricis
916 1670 1052 1740 iudicare,
1070 1671 1126 1725 nisi
1143 1675 1328 1744 geometriam

302 1743 438 1813 didicerit,
458 1745 558 1802 deinde
572 1763 628 1802 non
640 1763 723 1818 posse
732 1748 838 1802 solvere
847 1748 955 1817 soritas,
973 1753 1124 1819 propterea
1137 1750 1211 1821 quod
1224 1757 1330 1808 natrrra

300 1821 381 1876 nobis
390 1839 452 1878 eam
461 1824 649 1896 cognitionem
657 1825 776 1896 negarit,
786 1829 819 1878 ut
826 1825 910 1878 ullius
918 1825 959 1881 rei
967 1823 1038 1880 fines
1047 1831 1169 1882 statuere
1177 1829 1329 1898 possimus,

300 1900 385 1970 idque
397 1917 501 1972 magno
511 1906 675 1973 argumento
688 1918 748 1957 esse
761 1901 863 1958 falsam
872 1919 933 1958 esse
946 1902 1025 1957 illam
1037 1901 1240 1974 definitionem,
1259 1908 1329 1962 effa·

301 1982 431 2044 tumesse
439 1978 477 2048 id,
488 1979 563 2050 quod
572 1985 622 2034 aut
629 1996 724 2035 verum
734 1985 783 2034 aut
790 1979 893 2034 falsum
901 1979 945 2051 sit,
956 1997 980 2034 c.
989 1980 1102 2036 28-30.
1120 1980 1203 2046 Quod
1210 1983 1329 2040 sublata

300 2055 488 2125 perceptione,
507 2057 632 2127 quamvis
640 2057 738 2112 relicta
746 2055 956 2127 probabilitate,
970 2058 1058 2113 vitam
1066 2075 1183 2129 omnem,
1202 2076 1329 2132 sensum,

300 2132 469 2202 memoriam,
489 2139 578 2189 artem
586 2139 639 2189 etc.
648 2133 710 2188 tolli
719 2138 808 2204 putet,
826 2134 989 2190 ineovalds
998 2153 1100 2191 errare.
1134 2135 1207 2193 Nam
1221 2137 1253 2192 in
1267 2141 1330 2210 ple·

300 2208 393 2280 risque
406 2210 575 2280 actionibus,
593 2212 639 2267 vel
653 2210 753 2267 Stoicis
772 2213 1021 2282 consentientibus,
1040 2219 1183 2284 tamquam
1199 2213 1232 2268 in
1249 2219 1330 2274 navi·

301 2287 394 2359 gando
412 2289 612 2356 probabilitate
628 2289 754 2345 homines
773 2290 837 2344 duci
855 2307 972 2360 eamque
986 2290 1023 2344 ad
1043 2291 1167 2346 actiones
1179 2291 1331 2363 suficere

300 2363 399 2419 eadem
415 2365 519 2420 sentire
536 2366 736 2422 Academicum
754 2383 826 2438 quae
845 2365 981 2436 Stoicum,
999 2367 1070 2421 nihil
1087 2368 1201 2437 mutari,
1220 2367 1332 2427 iudicio

299 2444 408 2494 tanturn
420 2446 567 2513 utrumque
582 2442 749 2514 discrepare,
768 2442 843 2513 quod
856 2442 893 2497 ad
906 2443 981 2514 ipsos
990 2459 1086 2498 sensus
1094 2444 1273 2500 nullamvim
1283 2449 1332 2503 ha·

299 2516 380 2572 beat:
396 2520 529 2574 memoria
539 2519 624 2574 etiam
633 2536 748 2589 errores,
766 2536 823 2574 non
830 2525 940 2574 tantum
949 2521 1158 2590 comprehensa,
1176 2523 1286 2594 teneri,
1307 2527 1332 2580 in

300 2595 407 2650 artibus
417 2602 510 2651 autam
518 2597 659 2668 plerisque
668 2613 719 2651 nos
727 2597 927 2668 probabilitate
937 2597 1086 2666 duci,nihil
1095 2598 1247 2654 dialectica
1255 2618 1333 2674 opus

300 2689 369 2742 esse,
388 2691 413 2728 c.
421 2673 533 2728 30-34.
566 2671 665 2744 Neque
678 2691 743 2729 voro
757 2691 791 2730 ex
803 2674 936 2729 Antiochi
948 2680 1041 2730 mente
1055 2693 1118 2731 cum
1135 2683 1334 2748 repugnantia

299 2750 400 2819 dicere,
421 2749 469 2820 qui
481 2751 541 2804 visa
553 2751 690 2806 concedat
699 2757 748 2807 aut
759 2769 826 2807 vera
835 2769 895 2807 esse
905 2757 954 2806 aut
962 2752 1044 2821 falsa,
1061 2752 1132 2807 nihil
1144 2758 1243 2808 tamen
1251 2755 1334 2814 inter

298 2843 328 2882 se
344 2826 455 2882 differre
468 2828 629 2883 contendat.
663 2828 762 2898 Neque
777 2829 850 2884 enim
862 2846 958 2884 verum
971 2830 1009 2885 ab
1017 2829 1194 2885 Academicis
1208 2835 1333 2891 omnino

297 2903 372 2972 tolli,
391 2903 441 2958 sed
454 2909 563 2969 tantum
575 2905 750 2976 percipiendi
763 2907 888 2978 signum,
907 2923 931 2962 c.
946 2907 989 2961 34.
1023 2908 1051 2960 A
1064 2924 1126 2977 cap.
1140 2907 1175 2962 35
1188 2907 1324 2984 deincep

297 2996 385 3051 usque
395 2981 462 3035 ado.
472 2981 506 3044 47
520 2982 660 3052 copiosam
675 2983 754 3037 addit
767 2983 984 3053 disputationem
999 2983 1035 3038 de
1050 3000 1218 3038 summorum
1232 2987 1334 3056 phile

298 3057 446 3127 sophorum
455 3058 672 3113 dissensionibus
681 3059 710 3112 in
720 3060 846 3114 omnibus
859 3059 1051 3130 philosophiae
1063 3060 1204 3130 partibus:
1224 3079 1266 3117 ex
1278 3084 1322 3138 qu

296 3139 396 3216 pateat
408 3134 478 3188 nihil
492 3136 665 3205 exploratum
678 3153 752 3205 esse,
771 3137 821 3192 sed
835 3137 866 3191 in
879 3137 1006 3192 omnibus
1018 3137 1249 3206 probabilitatem
1269 3161 1308 3199 es

297 3212 475 3281 sequendam,
488 3217 571 3282 atque
581 3212 679 3283 etiam,
691 3213 721 3267 id
730 3214 805 3285 quod
814 3230 909 3270 omnes
917 3219 1030 3285 praeter
1035 3213 1143 3270 Stoicos
1153 3219 1317 3278 concedan

297 3287 542 3359 sapientempossc
551 3289 668 3358 opinari·

261 3555 278 3611 1
359 3547 519 3635 Magnum
544 3548 709 3635 ingenium
731 3549 772 3616 L.
795 3550 925 3617 Luculli
947 3575 1162 3639 magnumque
1184 3557 1326 3641 optima

261 3627 275 3668 ¹
295 3665 367 3707 rum
381 3644 496 3708 artium
511 3644 661 3723 studium,
680 3656 749 3711 tum
762 3645 864 3712 omnis
881 3646 1020 3712 liberalis
1034 3659 1066 3713 et
1079 3649 1177 3734 digna
1190 3647 1320 3722 homin

294 3737 394 3801 nobili
412 3737 453 3802 ab
472 3760 509 3804 ec
523 3751 673 3825 percepta
691 3738 843 3818 doctrina,
861 3740 975 3824 quibus
993 3742 1189 3827 temporibus
1206 3744 1336 3818 florere

294 3831 329 3897 in
345 3831 415 3896 foro
433 3856 582 3899 maxume
600 3834 713 3920 potuit,
731 3835 834 3900 canrit
851 3833 979 3900 omnino
995 3837 1091 3901 rebus
1109 3835 1256 3904 urbanis.
1299 3859 1336 3912 ut

295 3927 380 3991 enim
398 3925 570 3992 admodum
587 3927 774 3993 adulescens
792 3950 865 3992 cum
882 3929 980 3994 fratre
997 3931 1066 4016 pari
1082 3930 1200 4016 pietate
1219 3943 1254 3996 et
1281 3937 1336 4032 inq

296 4021 416 4086 dustria
438 4022 581 4108 praedito
604 4033 752 4109 paternas
774 4022 954 4088 inimicitias
980 4047 1192 4110 magnacum
1216 4025 1336 4132 glor-iq

294 4127 554 4204 supermensus,
572 4117 728 4181 inAsiam
745 4129 893 4202 quaestor
909 4118 1081 4206 profectus,
1098 4118 1144 4186 ibi
1159 4142 1220 4208 per
1237 4129 1336 4234 mm,
