2688 4730
266 345 309 414 14
574 361 613 417 Μ.
631 359 768 418 runnu
786 358 987 419 oroasours
1061 376 1062 380 Ν

265 490 377 576 λογίαν
392 487 608 574 appellabant3
625 498 699 574 post
717 485 911 574 argumentis
924 484 1117 570 quibusdam
1134 495 1166 553 et
1182 507 1297 552 rerum

264 584 348 650 notis
366 583 458 668 quasi
476 581 610 648 ducibus
627 581 800 646 utebantur
817 580 1076 666 adprobandum
1095 590 1128 646 et
1150 581 1192 647 ad
1215 603 1298 646 con·

266 677 459 745 cludendum
476 677 524 755 id,
543 677 629 761 quod
647 675 810 764 explanari
826 675 990 742 volebant:
1008 675 1124 760 inquo
1142 675 1298 740 tradeba-

264 783 318 838 tur
331 772 440 860 omnis
462 771 645 839 dialecticae
668 771 849 858 disciplina,
870 770 905 835 id
923 781 971 836 est
994 771 1144 836 orationis
1166 771 1297 836 ratione

266 869 449 933 conclusaet
466 867 542 933 huic
559 868 652 951 quasi
664 891 705 933 ex
718 867 818 933 altera
835 877 925 953 parte
943 866 1080 931 oratoria
1095 866 1145 931 vis
1163 865 1296 932 dicendi

265 961 490 1040 adhibebatur,
517 963 703 1048 explicatrix
726 961 875 1027 orationis
901 971 1074 1048 perpetuae
1096 961 1137 1027 ad
1157 983 1297 1048 persua-

266 1058 407 1124 dendum
424 1057 693 1123 accommodatae.

227 1171 252 1212 aa
327 1151 422 1216 Haec
444 1161 512 1216 erat
533 1151 595 1216 illis
617 1150 721 1216 forma
743 1175 763 1215 a
783 1149 919 1216 Platone
940 1149 1070 1229 tradita,
1098 1150 1187 1216 cuius
1209 1146 1295 1235 'quas

265 1247 442 1333 acceperim
460 1245 706 1334 dissupationes,
724 1247 751 1311 si
768 1246 876 1325 voltis,
900 1247 1076 1333 exponam!
1122 1252 1196 1312 ‘nos
1213 1267 1295 1312 vero

265 1342 426 1408 volumus'
443 1341 576 1426 inquam
599 1347 649 1407 ‘ut
666 1363 724 1427 pro
738 1340 847 1406 Attico
866 1341 962 1407 etiam
977 1340 1208 1427 respondeam'
1246 1347 1296 1406 ‘et

264 1437 370 1515 recte,'
388 1437 491 1522 inquit
509 1442 519 1473 ‘
524 1436 697 1522 respondes
702 1460 712 1514 ;
729 1435 891 1522 praeclare
909 1437 994 1502 enim
1011 1437 1186 1522 explicatur
1198 1435 1295 1502 Peri-

231 1546 248 1601 9
265 1532 475 1618 pateticorum
488 1541 520 1598 et
532 1531 727 1598 Academiae
745 1531 860 1598 veteris
879 1531 1068 1596 auotoritas!
1091 1531 1295 1597 ‘Aristoteles

263 1627 363 1714 igitur
379 1626 501 1713 primus
519 1626 650 1713 species,
669 1648 748 1711 quas
765 1627 862 1712 paulo
880 1636 954 1692 ante
972 1625 1053 1704 dixi,
1070 1625 1294 1702 labefactavit,

267 1743 346 1808 quas
368 1722 500 1788 mirifice
521 1721 616 1787 Plato
639 1731 707 1787 erat
729 1721 942 1807 amplexatus,
967 1731 1005 1786 ut
1025 1721 1059 1784 in
1080 1720 1120 1786 iis
1137 1719 1294 1806 quiddam

266 1816 410 1882 divium
432 1839 501 1883 esse
523 1817 651 1882 diceret.
694 1815 934 1902 Theophrastus
956 1826 1078 1894 autem,
1100 1815 1149 1880 vir
1171 1826 1202 1880 et
1219 1837 1295 1880 ora-

266 1911 352 1977 tione
370 1911 476 1976 suavis
495 1921 527 1976 et
543 1911 588 1977 ita
604 1921 756 1989 moratus,
774 1921 811 1977 ut
827 1909 1018 1997 probitatem
1035 1908 1196 1996 quandam
1212 1932 1295 1998 prae

267 2028 301 2071 se
319 2017 351 2071 et
371 2006 601 2093 ingenuitatem
618 2005 729 2084 ferret,
747 2004 966 2072 vehementius
985 2007 1081 2072 etiam
1097 2005 1194 2092 fregit
1210 2027 1295 2090 quo-

267 2100 342 2165 dam
354 2100 449 2165 modo
463 2100 683 2166 auctoritatem
696 2101 811 2166 veteris
826 2098 1024 2187 disciplinae;
1044 2101 1191 2187 spoliavit
1204 2101 1294 2166 enim

266 2196 416 2260 virtutem
429 2218 487 2264 suo
501 2196 615 2262 decore
631 2195 877 2280 inbecillamque
893 2195 1041 2273 reddidit,
1059 2195 1147 2280 quod
1158 2197 1293 2282 negavit

229 2307 254 2348 tt
266 2291 300 2356 in
318 2311 356 2354 ea
373 2289 441 2354 sola
461 2290 601 2376 positum
620 2313 689 2357 esse
712 2291 805 2356 beate
828 2291 950 2368 vivere3
976 2312 1053 2355 nam
1071 2287 1193 2366 Strato,
1219 2290 1294 2355 eius

267 2383 405 2462 auditor,
432 2406 627 2470 quamquam
648 2384 710 2451 fuit
732 2384 798 2451 acri
820 2385 963 2472 ingenio,
988 2395 1096 2450 tamen
1119 2385 1160 2450 ab
1181 2408 1219 2450 ea
1243 2385 1296 2450 di-

268 2479 400 2565 sciplina
413 2481 541 2546 omnino
556 2479 766 2546 semovendus
784 2491 848 2546 estc
866 2481 1010 2565 quicum
1025 2479 1164 2546 maxime
1180 2502 1296 2546 neces-

267 2575 384 2641 sariam
400 2587 523 2662 partem
540 2575 769 2662 philosophiae,
788 2597 870 2660 quae
888 2576 992 2661 posita
1009 2575 1108 2641 estin
1124 2576 1240 2641 virtute
1259 2588 1298 2642 et

267 2670 424 2747 moribus,
447 2670 627 2755 reliquisset
643 2681 809 2754 totumque
827 2693 861 2736 se
879 2671 921 2735 ad
941 2669 1215 2757 investigationem
1233 2694 1298 2735 na-

267 2776 357 2831 turae
384 2765 583 2843 contulisset,
609 2765 644 2830 in
667 2789 706 2832 ea
730 2767 801 2852 ipsa
821 2766 993 2852 plurimum
1015 2765 1146 2831 dissedit
1169 2789 1189 2831 a
1210 2765 1298 2845 suis3

269 2857 469 2946 Speusippus
487 2872 594 2926 autem
612 2872 644 2926 et
660 2859 877 2938 Xenocrates,
895 2861 951 2945 qui
967 2860 1063 2946 primi
1078 2859 1221 2925 Platonis
1239 2883 1299 2926 ra-

268 2955 387 3020 tionem
404 2955 688 3039 auctoritatemque
707 2965 924 3041 susceperant,
948 2966 979 3020 et
996 2964 1069 3040 post
1086 2977 1140 3021 eos
1157 2953 1297 3020 Polemo

268 3060 300 3114 et
319 3046 431 3114 Crates
449 3071 577 3134 unaque
596 3047 743 3127 Crantor,
760 3050 795 3113 in
812 3047 990 3116 Academia
1007 3049 1201 3138 congregati,
1220 3049 1299 3113 dili-

268 3154 380 3230 genter
405 3165 458 3222 ea,
484 3165 567 3229 quae
594 3167 614 3208 a
640 3144 855 3232 superioribus
881 3155 1085 3231 acceperant,
1110 3143 1298 3212 tuebantur.

267 3240 332 3304 iam
349 3237 557 3306 Polemonem
585 3241 773 3305 audiverant
794 3239 927 3306 adsidue
950 3239 1038 3305 Zeno
1061 3250 1093 3306 et
1114 3238 1297 3320 Arcesilas3

229 3361 254 3401 ss
268 3333 325 3398 sed
344 3333 447 3412 Zeno,
471 3356 545 3400 cum
561 3334 742 3400 Arcesilam
760 3334 894 3400 anteiret
916 3344 1020 3400 aetate
1037 3333 1193 3418 valdeque
1215 3333 1298 3397 sub-

268 3429 363 3494 tiliter
379 3429 548 3495 dissereret
565 3441 597 3496 et
613 3439 763 3517 peracute
780 3433 798 3512 †
815 3440 1005 3508 moveretur,
1025 3428 1183 3515 corrigere
1198 3450 1298 3494 cona-

267 3533 319 3588 tus
338 3535 385 3590 est
403 3525 612 3612 disciplinam.

331 3618 416 3685 Eam
428 3642 567 3706 quoque,
586 3621 613 3685 si
626 3621 762 3698 videtur,
776 3618 1003 3688 correctionem
1016 3619 1192 3706 explicabo,
1210 3617 1297 3686 sicut

268 3715 390 3780 solebat
405 3715 605 3781 Antiochus?
655 3716 748 3780 ‘mihi
765 3715 854 3781 vero'
872 3716 1004 3800 inquam
1024 3715 1179 3792 ‘videtur3
1205 3719 1296 3798 quod
1333 3759 1334 3810 q

217 3816 251 3872 10
267 3809 357 3875 vides
373 3810 459 3875 idem
481 3811 659 3897 significare
681 3809 916 3897 Pomponium.'
960 3809 1064 3876 ‘Zeno
1085 3810 1183 3896 igitur
1203 3810 1294 3875 nullo

267 3907 362 3972 modo
379 3906 408 3972 is
425 3919 507 3985 erat,
526 3907 597 3991 qui,
616 3916 654 3973 ut
669 3905 922 3993 Theophrastus,
938 3929 1053 3972 nervos
1071 3904 1195 3971 virtutis
1211 3905 1293 3969 inci-

268 4002 371 4078 deret,
390 4002 447 4068 sed
464 4011 574 4068 contra
594 4001 650 4086 qui
667 4001 783 4078 omnia,
802 4023 884 4086 quae
901 4001 944 4066 ad
960 3999 1088 4068 beatam
1105 3998 1203 4064 vitam
1219 4021 1293 4085 per-

269 4096 419 4175 tinerent,
442 4097 476 4160 in
493 4119 559 4161 una
576 4095 694 4162 virtute
711 4107 843 4182 poneret
864 4119 923 4161 neo
941 4096 1112 4180 quicquam
1129 4093 1215 4159 aliud
1231 4115 1292 4158 nu-

269 4201 405 4257 meraret
420 4191 455 4257 in
471 4189 579 4268 bonis,
596 4189 694 4276 idque
711 4189 885 4277 appellaret
900 4189 1083 4269 honestum,
1105 4189 1193 4277 quod
1209 4201 1291 4255 esset
