2688 4730
306 345 349 413 50
609 361 647 416 Μ.
666 363 803 421 TULLII
820 363 1020 422 CICERONIS

304 484 423 552 fendis:
446 487 533 569 quod
549 510 590 553 ne
609 485 673 576 [id]
690 488 797 555 facere
817 510 943 576 posses,
967 487 1085 554 idcireo
1103 489 1172 555 heri
1192 511 1262 556 non
1278 515 1320 554 ne

305 579 441 647 cessario
457 581 528 647 loco
547 592 657 648 contra
670 605 782 650 sensus
800 594 867 651 tam
883 583 985 648 multa
998 583 1150 651 dixeram.
1173 595 1210 650 tu
1226 595 1334 678 auten,

303 685 335 741 11
352 698 451 762 negas
468 675 605 743 infracto
622 700 710 743 remo
727 699 832 762 neque
851 678 1017 744 columbae
1031 679 1112 745 collo
1127 679 1334 774 commoveri}

302 769 442 856 primum
460 772 536 837 cur?
568 783 693 839 namet
714 773 748 838 in
770 796 857 839 remo
875 773 977 839 sentio
994 795 1060 839 non
1077 797 1146 840 esse
1167 774 1217 852 id,
1246 775 1320 859 quod

302 863 463 943 videatur,
490 877 522 933 et
547 867 581 932 in
603 868 752 934 columba
777 869 878 955 pluris
904 868 1005 935 videri
1031 869 1151 934 colores
1178 891 1241 934 nec
1264 892 1320 934 esse

302 959 375 1047 plus
398 983 473 1026 uno·
518 962 633 1029 deinde
660 963 782 1029 nihilne
804 974 970 1050 praeterea
996 963 1153 1030 diximus?
1179 977 1320 1030 maneant

301 1054 356 1120 illa
374 1056 496 1134 omnia3
519 1058 677 1123 laceratur
693 1058 756 1124 ista
773 1080 885 1137 causa;
908 1059 1030 1125 veracis
1048 1081 1106 1124 vos
1124 1081 1193 1125 esse
1217 1081 1320 1124 sensus

301 1149 415 1217 dicitis.
452 1152 552 1238 igitur
570 1176 695 1240 semper
713 1164 875 1221 auctorem
892 1154 1016 1221 habetis
1036 1177 1123 1232 eum‚·
1137 1154 1193 1240 qui
1211 1176 1320 1240 magno

301 1267 360 1310 suo
379 1247 521 1332 periculo
540 1269 670 1316 oausam
688 1260 773 1336 agat.
819 1272 857 1316 eo
875 1249 959 1316 enim
976 1272 1045 1316 rem
1063 1249 1191 1314 dimittit
1208 1247 1321 1336 Epicu-

301 1362 367 1419 rus,
386 1341 413 1406 si
434 1364 516 1408 unus
535 1366 647 1408 sensus
666 1346 765 1410 semel
781 1343 816 1410 in
834 1343 900 1410 vita
915 1345 1067 1410 mentitus
1086 1344 1140 1422 sit,
1161 1344 1245 1410 nulli
1261 1367 1320 1408 um·

254 1458 280 1500 so
301 1455 398 1519 quam
425 1460 494 1503 esse
521 1439 725 1505 credendum.
769 1439 830 1505 hoc
852 1451 901 1507 est
922 1462 1035 1506 verum
1057 1462 1142 1518 esse,
1170 1439 1320 1505 confidere

302 1530 368 1594 suis
392 1532 526 1598 testibus
543 1537 562 1615 †
585 1545 617 1599 11
638 1533 799 1621 inportata
820 1533 980 1601 insistere!
1011 1535 1120 1620 itaque
1139 1534 1320 1622 Timagoras

301 1623 481 1710 Epicureus
507 1639 605 1714 negat
631 1629 692 1694 sibi
717 1652 888 1715 umquam,
916 1651 990 1695 oum
1016 1631 1144 1695 oculum
1175 1631 1320 1706 torsisset,

302 1718 383 1785 duas
410 1744 451 1786 ex
476 1722 606 1790 lucerna
631 1725 810 1791 flammulas
832 1749 902 1792 esse
930 1725 1015 1791 visas
1022 1751 1031 1804 3
1059 1724 1216 1811 opinionis
1246 1727 1320 1791 enim

302 1838 372 1881 esse
390 1817 605 1896 mendacium,
629 1841 694 1885 non
718 1821 897 1886 oculorumr
926 1820 1018 1905 quasi
1042 1831 1231 1904 quaeratur,
1254 1820 1322 1904 quid

302 1910 352 1985 sit,
370 1932 435 1975 non
453 1911 531 1996 quid
548 1914 705 1979 videatur.
750 1915 791 1980 sit
808 1915 861 1981 hic
877 1915 1009 2000 quidem
1027 1915 1181 1980 maiorum
1203 1915 1335 2000 similia}

231 2053 234 2060 .
300 2014 337 2068 tu
354 2027 440 2083 vero,
459 2007 514 2090 qui
532 2007 602 2072 visa
619 2009 764 2074 sensibus
784 2010 846 2076 alia
863 2033 940 2076 vera
957 2010 1044 2076 dicas
1058 2032 1138 2087 esse,
1157 2010 1223 2074 alia
1240 2010 1322 2082 falsa,

301 2099 355 2183 qui
373 2123 412 2166 ea
430 2101 616 2188 distinguis?
639 2105 695 2169 sed
710 2104 829 2184 desine,
848 2126 977 2189 quaeso,
996 2104 1219 2170 communibus
1236 2105 1321 2180 locis,

301 2193 386 2259 domi
403 2195 494 2261 nobis
513 2197 574 2262 ista
591 2209 775 2266 nascuntur.
807 2200 844 2278 si,
864 2200 979 2286 inquis,
999 2201 1077 2266 deus
1095 2211 1126 2266 te
1143 2199 1322 2285 interroget,

301 2289 386 2354 sanis
402 2291 498 2357 modo
517 2304 549 2358 et
570 2293 701 2381 integris
720 2295 881 2374 sensibus,
898 2316 977 2362 num
995 2296 1132 2383 amplius
1150 2295 1231 2380 quid
1248 2297 1323 2361 desi-

301 2384 408 2464 deres,
435 2387 513 2470 quid
534 2390 745 2475 respondeas?
775 2391 897 2456 utinam
920 2391 1049 2476 quidem
1072 2391 1177 2477 rogetl
1211 2391 1323 2463 audiet,

301 2501 398 2565 quam
423 2481 591 2548 nobiscum
616 2485 698 2549 male
726 2485 835 2570 egerit.
880 2485 1027 2551 11111111
1049 2507 1125 2551 vera
1151 2484 1322 2560 videamus,

300 2595 397 2658 quam
415 2575 510 2662 longe
527 2576 692 2642 videmus?
714 2600 775 2664 ego
794 2575 902 2644 Catuli
921 2576 1104 2658 Cumanum
1122 2602 1161 2646 ex
1182 2578 1323 2646 hocloco

301 2690 406 2746 cern0,
426 2666 606 2756 [regionem
623 2669 743 2756 video]
761 2672 996 2759 Pompeianum
1012 2696 1076 2740 non
1095 2693 1206 2750 cerno,
1224 2694 1322 2757 neque

301 2764 472 2849 quicquam
489 2765 690 2832 interiectum
708 2778 765 2846 est,
782 2769 870 2853 quod
887 2769 1006 2847 obstet,
1029 2769 1086 2835 sed
1102 2768 1226 2834 intendi
1245 2769 1322 2834 acies

299 2859 426 2945 longius
443 2881 509 2924 non
525 2871 640 2946 potest.
676 2884 696 2928 o
713 2863 913 2950 praeclarum
930 2863 1148 2951 prospectuml
1170 2862 1321 2929 Puteolos

300 2952 459 3018 videmus:
487 2965 520 3019 at
541 2954 730 3023 familiarem
752 2969 897 3024 nostrum
914 2954 954 3024 (l.
972 2958 1163 3035 Avianium,
1190 2957 1322 3023 sortasse

252 3067 278 3110 st
299 3047 334 3112 in
355 3047 480 3134 porticu
502 3048 645 3136 Neptuni
667 3053 900 3131 ambulantem,
926 3075 991 3118 non
1017 3053 1173 3118 videmus.
1218 3052 1322 3116 atille

298 3143 480 3228 nescioqui,
491 3145 588 3227 quiin
603 3146 718 3213 scholis
731 3148 889 3214 nominari
898 3148 988 3226 solet,
1001 3147 1088 3213 mille
1102 3157 1134 3212 et
1143 3147 1336 3232 octingenta

299 3237 402 3302 stadia
419 3239 506 3323 quod
524 3241 650 3307 abesset
667 3241 811 3322 videbat3
835 3244 993 3328 quaedam
1016 3243 1160 3309 volucres
1181 3243 1336 3328 lougius>

298 3333 523 3419 responderem
540 3335 637 3422 igitur
654 3338 806 3405 audacter
823 3338 875 3403 isti
893 3349 999 3404 vestro
1018 3337 1077 3403 deo
1094 3359 1146 3402 me
1163 3337 1262 3423 plane
1279 3337 1336 3400 his

300 3428 400 3511 oculis
416 3450 482 3493 non
500 3452 569 3495 esse
587 3440 781 3498 contentum.
810 3432 894 3499 dicet
910 3456 962 3500 me
980 3432 1084 3498 acrius
1102 3430 1211 3496 videre
1229 3453 1324 3515 quam

298 3522 369 3587 illos
387 3523 483 3608 piscis
501 3523 651 3605 fortasse,
669 3527 725 3612 qui
742 3549 846 3613 neque
864 3527 1012 3594 videntur
1030 3550 1049 3592 a
1066 3525 1172 3604 nobis,
1191 3535 1223 3590 et
1241 3547 1324 3590 mmc

299 3616 428 3700 quidem
442 3617 502 3682 sub
516 3619 617 3685 oculis
631 3631 715 3698 sunt,
732 3643 837 3706 neque
854 3621 916 3709 ipsi
929 3644 988 3687 nos
1002 3621 1164 3706 suspicere
1177 3633 1324 3706 possunt:

299 3732 375 3797 ergo
393 3722 430 3777 ut
445 3711 507 3777 illis
525 3735 624 3798 aqua,
648 3715 694 3781 sic
715 3715 808 3782 nobis
826 3721 880 3782 adr
902 3737 1028 3782 crassus
1046 3713 1233 3780 offimditur.
1282 3721 1324 3777 ‘at

287 3805 435 3891 'amplius
452 3829 517 3872 non
534 3809 772 3877 desideramus?
800 3811 897 3896 quid?
914 3812 1033 3897 talpam
1050 3832 1128 3875 num
1145 3809 1326 3874 desiderem

298 3903 406 3968 lumen
423 3904 540 3989 putas?
558 3927 663 3990 neque
681 3916 748 3972 tam
765 3929 914 3992 quererer
931 3929 1007 3972 cum
1024 3905 1084 3971 deo
1100 3904 1188 3990 quod
1210 3927 1326 3990 parum

297 3997 394 4083 longe
411 4019 509 4083 quam
526 4000 612 4082 quod
630 4000 748 4066 falsum
763 3999 914 4067 viderem.
938 4001 1068 4068 videsne
1085 4022 1201 4065 navem
1217 3999 1327 4064 illam?

258 4161 261 4166 ,
299 4101 383 4158 stare
400 4093 492 4157 nobis
510 4093 644 4172 videtur,
663 4105 697 4161 at
713 4096 763 4173 iis,
782 4096 837 4180 qui
853 4095 887 4161 in
905 4119 987 4163 nave
1005 4106 1089 4174 sunt,
1108 4093 1230 4160 moveri
1247 4095 1326 4159 haec

299 4183 384 4254 villa.
429 4207 544 4270 quaere
571 4189 726 4256 rationem
752 4212 810 4256 cur
830 4189 876 4256 ita
897 4189 1057 4268 videatur3
1079 4210 1175 4274 quam
1198 4200 1237 4254 ut
1260 4212 1328 4254 ma·
