2688 4730
199 323 509 383 Acnnnmoonuu
525 322 702 411 rmosun
717 323 755 379 n.
773 326 852 381 1-a.
994 309 1045 380 21.

11 463 59 517 tos
82 472 184 517 annos
206 449 386 516 admirabili
402 449 542 535 quadam
563 449 659 515 laude
679 448 862 537 provinciae
883 449 1038 536 praefuit3

12 547 129 613 deinde
145 546 261 612 absens
278 547 383 611 sactus
402 545 527 624 aedilis,
550 545 701 610 continuo
718 556 846 631 praetor
862 545 1040 611 -licebat

12 641 98 707 enim
122 641 254 708 celerius
278 641 360 728 legis
381 640 523 729 praemio
539 676 597 718 -‚
624 649 697 726 post
719 640 754 704 in
776 638 937 718 Africam,
963 639 1039 706 inde

12 737 54 801 ad
76 737 292 814 consulatum3
314 757 411 820 quem
427 735 473 801 ita
494 735 607 823 gessit,
628 746 665 800 ut
687 735 884 822 diligentiam
903 735 1040 802 admira

11 841 124 897 rentur
140 853 259 909 omnes,
277 831 440 917 ingenium
459 841 677 917 agnoscerent.
720 841 794 916 post
811 831 853 895 ad
869 830 1041 896 Mithrida·

11 925 114 992 ticum
130 924 251 992 bellum
267 925 383 990 missus
402 948 422 990 a
439 936 552 992 senatu
569 947 634 990 non
652 925 748 990 modo
764 925 947 1011 opinionem
964 925 1041 990 vicit

12 1020 171 1098 omnium,
197 1041 280 1104 quae
307 1019 347 1086 de
369 1020 486 1086 virtute
508 1020 576 1086 eius
599 1030 681 1098 erat,
709 1020 766 1086 sed
788 1020 884 1085 etiam
906 1020 1041 1106 gloriam

13 1116 222 1201 superiorum.
265 1115 363 1200 idque
385 1138 423 1181 eo
440 1115 502 1181 fuit
523 1115 715 1194 mirabilius,
742 1116 830 1200 quod
851 1115 893 1180 ab
915 1137 954 1182 eo
970 1117 1067 1180 lausa

11 1209 219 1296 imperatoria
234 1230 300 1274 non
317 1210 491 1275 admodum
509 1211 764 1296 exspectabatur,
783 1209 838 1294 qui
856 1210 1042 1276 adulescen-

13 1306 89 1369 tiam
116 1305 149 1368 in
174 1303 293 1370 forensi
319 1326 417 1390 opera
423 1351 432 1382 ,
464 1317 656 1388 quaesturae
687 1304 872 1370 diuturnum
904 1313 1040 1391 tempus,

12 1399 154 1463 Murena
175 1399 296 1464 bellum
318 1398 353 1464 in
369 1398 475 1465 Ponto
498 1411 645 1486 gerente,
671 1400 706 1464 in
729 1396 841 1486 [Asia]
864 1421 944 1487 pace
967 1421 1042 1465 con·

13 1503 204 1580 sumpserat.
248 1493 305 1558 sed
322 1493 516 1560 incredibilis
534 1495 694 1579 quaedam
711 1494 832 1581 ingenii
854 1495 1041 1581 magnitudo

11 1609 77 1652 non
96 1586 288 1653 desideravit
304 1587 474 1654 indocilem
492 1610 570 1654 usus
589 1589 798 1675 disciplinam.
842 1588 951 1674 itaque
969 1611 1043 1656 cum

12 1693 116 1748 totum
133 1680 243 1749 iteret
263 1682 499 1769 navigationem
517 1684 765 1772 consumpsisset
782 1684 898 1771 partim
919 1684 954 1749 in
970 1706 1043 1770 per-

13 1776 173 1842 contando
195 1799 215 1841 a
236 1777 361 1864 peritis,
387 1779 505 1865 partim
525 1778 560 1844 in
583 1781 680 1845 rebus
703 1781 802 1866 gestis
823 1779 982 1866 legendis,
1008 1779 1043 1844 in

13 1871 130 1935 Asiam
148 1870 253 1936 factus
269 1871 442 1958 imperator
459 1873 557 1952 venit,
575 1895 650 1939 cum
667 1887 751 1941 esset
758 1875 863 1940 Roma
879 1872 1041 1960 profectus

13 1965 60 2031 rei
77 1964 224 2030 militaris
247 1967 346 2032 rudis.
390 1967 504 2033 habuit
525 1968 610 2034 enim
632 1969 773 2034 divinam
790 1969 953 2054 quandam
975 1990 1044 2034 me·

14 2060 151 2126 moriam
176 2083 299 2140 rerum,
324 2061 495 2128 verborum
520 2064 675 2129 maiorem
696 2064 889 2130 Hortensius
909 2098 955 2111 —
975 2063 1043 2141 sed,

14 2175 79 2238 quo
102 2155 176 2242 plus
197 2155 232 2220 in
253 2157 390 2243 negotiis
411 2158 560 2244 gerendis
581 2181 632 2225 res
657 2181 755 2244 quam
777 2159 876 2225 verba
898 2167 1044 2246 prosunt,

14 2249 78 2314 hoc
95 2259 165 2314 erat
181 2252 336 2316 memoria
352 2251 407 2316 illa
423 2249 635 2340 praestantior
640 2279 650 2332 ;
674 2276 772 2339 quam
789 2253 889 2320 fuisse
906 2255 940 2318 in
957 2252 1045 2318 The-

15 2343 175 2423 mistocle,
197 2366 294 2429 quem
311 2345 405 2412 facile
423 2344 580 2414 Graeciae
597 2349 774 2435 principem
790 2348 952 2436 ponimus,
980 2349 1044 2414 sin·

15 2441 164 2526 gularem
184 2440 306 2507 ferunt:
332 2441 388 2526 qui
409 2440 541 2527 quidem
562 2443 658 2510 etiam
680 2444 843 2530 pollicenti
865 2443 991 2510 cuidam
1009 2465 1044 2508 se

16 2545 121 2599 artem
138 2533 167 2600 ei
183 2535 371 2614 memoriae,
389 2558 472 2622 quae
488 2550 558 2603 tum
574 2538 715 2625 primum
731 2538 961 2626 proferebatur,
980 2549 1044 2604 tra-

16 2628 161 2696 diturum
185 2630 386 2717 respondisse
413 2630 528 2697 dicitur
554 2632 699 2700 oblivisci
724 2655 759 2700 se
785 2634 880 2699 malle
907 2631 1043 2698 disceret

17 2724 126 2800 credo,
144 2725 232 2807 quod
247 2725 423 2792 haerebant
439 2727 473 2791 in
490 2727 644 2793 memoria
661 2748 883 2813 quaecumque
901 2726 1045 2793 audierat

17 2831 49 2884 et
76 2818 210 2886 viderat.
254 2820 311 2886 tali
332 2821 462 2908 ingenio
485 2822 649 2909 praeditus
671 2823 829 2889 Lucullus
856 2822 1045 2887 adiunxerat

18 2915 116 2980 etiam
133 2915 235 2994 illam,
262 2938 360 3001 quam
376 2917 607 2985 Themistocles
625 2929 805 3005 spreverat,
830 2917 1044 3004 disciplinam

16 3011 139 3095 itaque,
156 3021 193 3076 ut
209 3010 321 3078 litteris
339 3012 565 3100 consignamus
582 3032 666 3098 quae
679 3011 881 3079 monimentis
893 3012 1046 3078 mandare

18 3107 182 3185 volumus,
206 3107 252 3172 sic
273 3106 327 3173 ille
343 3107 378 3172 in
396 3108 502 3174 animo
519 3130 571 3175 res
582 3108 768 3194 ,insculptas
784 3107 934 3173 habebat.
974 3117 1071 3171 tan-³

18 3211 71 3266 tus
99 3223 176 3288 ergo
202 3201 374 3288 imperator
399 3203 434 3268 in
456 3203 543 3269 omni
563 3225 681 3290 genere
708 3201 784 3269 belli
805 3202 881 3279 fuit,
907 3201 1045 3289 proeliis,

19 3295 324 3383 oppugnationibus,
340 3297 508 3364 navalibus
525 3297 642 3385 pugnis
659 3297 821 3382 totiusque
838 3296 914 3364 belli
929 3296 1047 3362 instru-

18 3401 129 3456 mento
143 3401 176 3456 et
188 3391 353 3477 adparatu,
371 3402 409 3459 ut
420 3391 475 3458 ille
488 3415 545 3459 rex
557 3402 630 3479 post
639 3392 861 3458 Alexandrum
875 3412 1045 3458 maxumus

19 3486 108 3550 huno
134 3507 154 3550 a
179 3507 214 3551 se
235 3485 388 3552 maiorem
410 3488 524 3553 ducem
547 3487 711 3574 cognitum
733 3509 830 3572 quam
853 3507 1047 3571 quemquam

20 3601 148 3659 eorum,
176 3601 257 3665 quos
278 3581 421 3668 legisset,
448 3582 620 3648 fateretur.⁴
658 3583 692 3647 in
718 3582 831 3649 eodem
856 3592 945 3646 tanta
971 3601 1047 3667 pru-

20 3675 132 3740 dantia
153 3673 215 3740 fuit
235 3675 270 3739 in
292 3677 521 3742 constituendis
547 3676 826 3762 temperandisque
852 3675 1045 3753 civitatibus,

19 3781 113 3835 tanta
129 3768 286 3854 aequitas,
313 3782 350 3836 ut
371 3771 466 3837 hodie
488 3781 550 3837 stet
565 3771 648 3836 Asia
664 3769 795 3836 Luculli
811 3770 963 3836 institutis
981 3791 1048 3836 ser·

19 3865 136 3930 vandis
163 3876 196 3931 et
217 3867 309 3950 quasi
329 3866 471 3953 vestigiis
492 3866 730 3953 persequendis.
774 3866 832 3933 sed
853 3865 912 3932 etsi
929 3888 1048 3952 magna

19 3983 97 4026 cum
124 3960 261 4026 utilitate
283 3960 330 4026 rei
354 3962 516 4048 publicae,
542 3972 651 4028 tamen
673 3960 791 4026 diutius
815 3982 911 4046 quam
932 3961 1048 4026 vellem

18 4067 113 4122 tanta
129 4056 177 4121 vis
194 4055 320 4122 virtutis
338 4070 434 4142 atque
446 4055 567 4144 ingenii
582 4056 786 4144 peregrinata
798 4053 880 4120 afuit
891 4054 934 4121 ab
948 4053 1047 4121 oculis

19 4165 54 4219 et
71 4150 136 4216 fori
153 4161 186 4218 et
202 4150 320 4220 curiae.
363 4152 442 4238 quin
459 4153 567 4232 etiam,
583 4174 657 4219 cum
674 4151 814 4218 victora
829 4149 1048 4217 Mithridatico
