<?xml version="1.0" encoding="UTF-8"?>
<!DOCTYPE html PUBLIC "-//W3C//DTD XHTML 1.0 Transitional//EN"
    "http://www.w3.org/TR/xhtml1/DTD/xhtml1-transitional.dtd">
<html xmlns="http://www.w3.org/1999/xhtml" xml:lang="en" lang="en">
 <head>
  <title>
</title>
<meta http-equiv="Content-Type" content="text/html;charset=utf-8" />
  <meta name='ocr-system' content='tesseract 3.04.00' />
  <meta name='ocr-capabilities' content='ocr_page ocr_carea ocr_par ocr_line ocrx_word'/>
</head>
<body>
  <div class='ocr_page' id='page_1' title='image "academicorumqua00cicegoog_0064.png"; bbox 0 0 2688 4730; ppageno 0'>
   <div class='ocr_carea' id='block_1_1' title="bbox 214 325 1170 407">
    <p class='ocr_par' dir='ltr' id='par_1_1' title="bbox 214 325 1170 407">
     <span class='ocr_line' id='line_1_1' title="bbox 214 325 1170 407; baseline -0.007 -2"><span class='ocrx_word' id='word_1_1' title='bbox 214 346 524 407; x_wconf 81' lang='lat' dir='ltr'><strong>AOADEMIGORUM</strong></span> <span class='ocrx_word' id='word_1_2' title='bbox 541 345 716 404; x_wconf 82' lang='lat' dir='ltr'>PRIORUM</span> <span class='ocrx_word' id='word_1_3' title='bbox 732 344 770 400; x_wconf 90' lang='lat'>11.</span> <span class='ocrx_word' id='word_1_4' title='bbox 788 343 898 400; x_wconf 82' lang='lat'><strong>96-99.</strong></span> <span class='ocrx_word' id='word_1_5' title='bbox 1022 325 1064 392; x_wconf 76' lang='lat'>57</span> <span class='ocrx_word' id='word_1_6' title='bbox 1167 390 1170 398; x_wconf 73' lang='grc'>,</span> 
     </span>
    </p>
   </div>
   <div class='ocr_carea' id='block_1_2' title="bbox 42 464 1070 940">
    <p class='ocr_par' dir='ltr' id='par_1_2' title="bbox 42 464 1070 940">
     <span class='ocr_line' id='line_1_2' title="bbox 43 464 1067 560; baseline -0.008 -18"><span class='ocrx_word' id='word_1_7' title='bbox 43 489 152 560; x_wconf 85' lang='lat' dir='ltr'>autom</span> <span class='ocrx_word' id='word_1_8' title='bbox 174 475 273 542; x_wconf 91' lang='lat' dir='ltr'>estin</span> <span class='ocrx_word' id='word_1_9' title='bbox 294 483 409 539; x_wconf 89' lang='lat' dir='ltr'>natura</span> <span class='ocrx_word' id='word_1_10' title='bbox 431 493 538 538; x_wconf 88' lang='lat' dir='ltr'>rerum</span> <span class='ocrx_word' id='word_1_11' title='bbox 556 471 627 536; x_wconf 88' lang='lat' dir='ltr'>talis</span> <span class='ocrx_word' id='word_1_12' title='bbox 649 468 822 536; x_wconf 79' lang='lat' dir='ltr'>necessitas</span> <span class='ocrx_word' id='word_1_13' title='bbox 837 491 896 532; x_wconf 78' lang='lat' dir='ltr'>-t</span> <span class='ocrx_word' id='word_1_14' title='bbox 915 485 989 534; x_wconf 92' lang='lat' dir='ltr'>cum</span> <span class='ocrx_word' id='word_1_15' title='bbox 1004 464 1067 534; x_wconf 92' lang='lat' dir='ltr'>hoo</span> 
     </span>
     <span class='ocr_line' id='line_1_3' title="bbox 42 555 1067 658; baseline -0.011 -21"><span class='ocrx_word' id='word_1_16' title='bbox 42 572 143 658; x_wconf 85' lang='lat' dir='ltr'>igitur</span> <span class='ocrx_word' id='word_1_17' title='bbox 160 569 316 635; x_wconf 88' lang='lat' dir='ltr'>dialectici</span> <span class='ocrx_word' id='word_1_18' title='bbox 333 576 492 654; x_wconf 84' lang='lat' dir='ltr'><strong>pugnent,</strong></span> <span class='ocrx_word' id='word_1_19' title='bbox 515 565 550 632; x_wconf 91' lang='lat' dir='ltr'>id</span> <span class='ocrx_word' id='word_1_20' title='bbox 571 576 621 636; x_wconf 86' lang='lat' dir='ltr'>est</span> <span class='ocrx_word' id='word_1_21' title='bbox 637 563 818 629; x_wconf 85' lang='lat' dir='ltr'>Antiochus</span> <span class='ocrx_word' id='word_1_22' title='bbox 836 573 869 628; x_wconf 89' lang='lat' dir='ltr'>et</span> <span class='ocrx_word' id='word_1_23' title='bbox 885 555 1001 638; x_wconf 81' lang='lat' dir='ltr'>¹Stoici3</span> <span class='ocrx_word' id='word_1_24' title='bbox 1018 571 1067 626; x_wconf 91' lang='lat' dir='ltr'>to-</span> 
     </span>
     <span class='ocr_line' id='line_1_4' title="bbox 43 655 1068 738; baseline -0.01 -7"><span class='ocrx_word' id='word_1_25' title='bbox 43 677 109 730; x_wconf 89' lang='lat' dir='ltr'>tam</span> <span class='ocrx_word' id='word_1_26' title='bbox 130 665 213 731; x_wconf 91' lang='lat' dir='ltr'>enim</span> <span class='ocrx_word' id='word_1_27' title='bbox 230 663 344 729; x_wconf 89' lang='lat' dir='ltr'>evertit</span> <span class='ocrx_word' id='word_1_28' title='bbox 361 661 575 738; x_wconf 85' lang='lat' dir='ltr'>dialecticam3</span> <span class='ocrx_word' id='word_1_29' title='bbox 592 683 668 724; x_wconf 88' lang='lat' dir='ltr'>nam</span> <span class='ocrx_word' id='word_1_30' title='bbox 685 659 712 724; x_wconf 88' lang='lat' dir='ltr'>si</span> <span class='ocrx_word' id='word_1_31' title='bbox 730 682 748 725; x_wconf 93' lang='lat' dir='ltr'>e</span> <span class='ocrx_word' id='word_1_32' title='bbox 766 657 929 724; x_wconf 80' lang='lat' dir='ltr'>contrariis</span> <span class='ocrx_word' id='word_1_33' title='bbox 947 655 1068 722; x_wconf 88' lang='lat' dir='ltr'>disiun-</span> 
     </span>
     <span class='ocr_line' id='line_1_5' title="bbox 45 753 1068 832; baseline -0.009 -6"><span class='ocrx_word' id='word_1_34' title='bbox 45 761 107 826; x_wconf 87' lang='lat' dir='ltr'>ctio</span> <span class='ocrx_word' id='word_1_35' title='bbox 125 758 342 826; x_wconf 83' lang='lat' dir='ltr'>-contraria</span> <span class='ocrx_word' id='word_1_36' title='bbox 360 768 466 823; x_wconf 86' lang='lat' dir='ltr'>autem</span> <span class='ocrx_word' id='word_1_37' title='bbox 484 779 523 822; x_wconf 88' lang='lat' dir='ltr'>ea</span> <span class='ocrx_word' id='word_1_38' title='bbox 540 755 627 832; x_wconf 86' lang='lat' dir='ltr'>dico,</span> <span class='ocrx_word' id='word_1_39' title='bbox 650 777 723 820; x_wconf 92' lang='lat' dir='ltr'>cum</span> <span class='ocrx_word' id='word_1_40' title='bbox 741 755 876 820; x_wconf 85' lang='lat' dir='ltr'>alterum</span> <span class='ocrx_word' id='word_1_41' title='bbox 893 753 971 829; x_wconf 86' lang='lat' dir='ltr'>aiat,</span> <span class='ocrx_word' id='word_1_42' title='bbox 989 753 1068 818; x_wconf 82' lang='lat' dir='ltr'>alte·</span> 
     </span>
     <span class='ocr_line' id='line_1_6' title="bbox 44 845 1070 940; baseline -0.011 -19"><span class='ocrx_word' id='word_1_43' title='bbox 44 879 117 920; x_wconf 91' lang='lat' dir='ltr'>rum</span> <span class='ocrx_word' id='word_1_44' title='bbox 134 865 231 940; x_wconf 88' lang='lat' dir='ltr'>neget</span> <span class='ocrx_word' id='word_1_45' title='bbox 247 889 304 931; x_wconf 89' lang='lat'>-,</span> <span class='ocrx_word' id='word_1_46' title='bbox 323 852 351 917; x_wconf 88' lang='lat' dir='ltr'>si</span> <span class='ocrx_word' id='word_1_47' title='bbox 367 851 439 916; x_wconf 86' lang='lat' dir='ltr'>talis</span> <span class='ocrx_word' id='word_1_48' title='bbox 457 849 627 915; x_wconf 88' lang='lat' dir='ltr'>disiunctio</span> <span class='ocrx_word' id='word_1_49' title='bbox 645 849 727 918; x_wconf 86' lang='lat' dir='ltr'>falsa</span> <span class='ocrx_word' id='word_1_50' title='bbox 748 858 854 935; x_wconf 87' lang='lat' dir='ltr'>potest</span> <span class='ocrx_word' id='word_1_51' title='bbox 871 869 956 925; x_wconf 92' lang='lat' dir='ltr'>esse,</span> <span class='ocrx_word' id='word_1_52' title='bbox 981 845 1070 911; x_wconf 90' lang='lat' dir='ltr'>nulla</span> 
     </span>
    </p>
   </div>
   <div class='ocr_carea' id='block_1_3' title="bbox 43 933 1216 1030">
    <p class='ocr_par' dir='ltr' id='par_1_3' title="bbox 43 933 1216 1030">
     <span class='ocr_line' id='line_1_7' title="bbox 43 933 1216 1030; baseline -0.011 -14"><span class='ocrx_word' id='word_1_53' title='bbox 43 973 123 1016; x_wconf 88' lang='lat' dir='ltr'>vera</span> <span class='ocrx_word' id='word_1_54' title='bbox 140 962 202 1028; x_wconf 82' lang='lat' dir='ltr'>est3</span> <span class='ocrx_word' id='word_1_55' title='bbox 228 971 354 1014; x_wconf 92' lang='lat' dir='ltr'>mecum</span> <span class='ocrx_word' id='word_1_56' title='bbox 376 945 548 1030; x_wconf 89' lang='lat' dir='ltr'>veroquid</span> <span class='ocrx_word' id='word_1_57' title='bbox 569 944 689 1010; x_wconf 86' lang='lat' dir='ltr'>habent</span> <span class='ocrx_word' id='word_1_58' title='bbox 710 944 826 1020; x_wconf 93' lang='lat' dir='ltr'>litium,</span> <span class='ocrx_word' id='word_1_59' title='bbox 854 943 910 1027; x_wconf 92' lang='lat' dir='ltr'>qui</span> <span class='ocrx_word' id='word_1_60' title='bbox 926 943 1070 1029; x_wconf 86' lang='lat' dir='ltr'>ipsorum</span> <span class='ocrx_word' id='word_1_61' title='bbox 1090 962 1117 1004; x_wconf 83' lang='lat' dir='ltr'>ss</span> <span class='ocrx_word' id='word_1_62' title='bbox 1212 933 1216 940; x_wconf 62' lang='grc'><strong>“</strong></span> 
     </span>
    </p>
   </div>
   <div class='ocr_carea' id='block_1_4' title="bbox 43 1038 1123 4258">
    <p class='ocr_par' dir='ltr' id='par_1_4' title="bbox 43 1038 1074 2056">
     <span class='ocr_line' id='line_1_8' title="bbox 45 1038 1069 1131; baseline -0.006 -21"><span class='ocrx_word' id='word_1_63' title='bbox 45 1045 246 1131; x_wconf 86' lang='lat' dir='ltr'>disciplinam</span> <span class='ocrx_word' id='word_1_64' title='bbox 269 1042 405 1128; x_wconf 81' lang='lat' dir='ltr'>sequor?</span> <span class='ocrx_word' id='word_1_65' title='bbox 436 1065 509 1107; x_wconf 91' lang='lat' dir='ltr'>cum</span> <span class='ocrx_word' id='word_1_66' title='bbox 530 1040 651 1127; x_wconf 90' lang='lat' dir='ltr'>aliquid</span> <span class='ocrx_word' id='word_1_67' title='bbox 673 1041 769 1106; x_wconf 91' lang='lat' dir='ltr'>huius</span> <span class='ocrx_word' id='word_1_68' title='bbox 791 1040 878 1105; x_wconf 92' lang='lat' dir='ltr'>modi</span> <span class='ocrx_word' id='word_1_69' title='bbox 903 1038 1069 1117; x_wconf 77' lang='lat' dir='ltr'>inciderat,</span> 
     </span>
     <span class='ocr_line' id='line_1_9' title="bbox 44 1135 1069 1214; baseline -0.006 -10"><span class='ocrx_word' id='word_1_70' title='bbox 44 1141 90 1206; x_wconf 89' lang='lat' dir='ltr'>sic</span> <span class='ocrx_word' id='word_1_71' title='bbox 109 1140 221 1206; x_wconf 91' lang='lat' dir='ltr'>ludere</span> <span class='ocrx_word' id='word_1_72' title='bbox 241 1135 426 1204; x_wconf 84' lang='lat' dir='ltr'>Carneades</span> <span class='ocrx_word' id='word_1_73' title='bbox 450 1136 585 1202; x_wconf 84' lang='lat' dir='ltr'>solebat:</span> <span class='ocrx_word' id='word_1_74' title='bbox 609 1135 652 1201; x_wconf 85' lang='lat' dir='ltr'>‘si</span> <span class='ocrx_word' id='word_1_75' title='bbox 674 1147 760 1200; x_wconf 87' lang='lat' dir='ltr'>recte</span> <span class='ocrx_word' id='word_1_76' title='bbox 782 1135 938 1214; x_wconf 91' lang='lat' dir='ltr'>conclusi,</span> <span class='ocrx_word' id='word_1_77' title='bbox 961 1145 1069 1212; x_wconf 90' lang='lat' dir='ltr'>teneo;</span> 
     </span>
     <span class='ocr_line' id='line_1_10' title="bbox 45 1229 1070 1317; baseline -0.007 -17"><span class='ocrx_word' id='word_1_78' title='bbox 45 1235 95 1300; x_wconf 90' lang='lat' dir='ltr'>sin</span> <span class='ocrx_word' id='word_1_79' title='bbox 114 1233 243 1312; x_wconf 87' lang='lat' dir='ltr'>vitiose,</span> <span class='ocrx_word' id='word_1_80' title='bbox 264 1233 384 1298; x_wconf 91' lang='lat' dir='ltr'>minam</span> <span class='ocrx_word' id='word_1_81' title='bbox 402 1231 567 1317; x_wconf 87' lang='lat' dir='ltr'>Diogenes</span> <span class='ocrx_word' id='word_1_82' title='bbox 589 1230 669 1295; x_wconf 93' lang='lat' dir='ltr'>mihi</span> <span class='ocrx_word' id='word_1_83' title='bbox 691 1229 831 1295; x_wconf 86' lang='lat' dir='ltr'>reddet:’</span> <span class='ocrx_word' id='word_1_84' title='bbox 859 1229 901 1294; x_wconf 88' lang='lat' dir='ltr'>ab</span> <span class='ocrx_word' id='word_1_85' title='bbox 923 1251 961 1296; x_wconf 94' lang='lat' dir='ltr'>eo</span> <span class='ocrx_word' id='word_1_86' title='bbox 984 1229 1070 1295; x_wconf 89' lang='lat' dir='ltr'>enim</span> 
     </span>
     <span class='ocr_line' id='line_1_11' title="bbox 45 1324 1071 1403; baseline -0.005 -9"><span class='ocrx_word' id='word_1_87' title='bbox 45 1327 157 1395; x_wconf 90' lang='lat' dir='ltr'>Stoico</span> <span class='ocrx_word' id='word_1_88' title='bbox 175 1328 373 1394; x_wconf 84' lang='lat' dir='ltr'>dialecticem</span> <span class='ocrx_word' id='word_1_89' title='bbox 387 1326 553 1403; x_wconf 60' lang='lat' dir='ltr'>didiceram</span> <span class='ocrx_word' id='word_1_90' title='bbox 571 1324 651 1392; x_wconf 88' lang='lat' dir='ltr'>haec</span> <span class='ocrx_word' id='word_1_91' title='bbox 666 1336 773 1390; x_wconf 87' lang='lat' dir='ltr'>autem</span> <span class='ocrx_word' id='word_1_92' title='bbox 785 1345 907 1390; x_wconf 86' lang='lat' dir='ltr'>merces</span> <span class='ocrx_word' id='word_1_93' title='bbox 921 1334 989 1390; x_wconf 90' lang='lat' dir='ltr'>erat</span> <span class='ocrx_word' id='word_1_94' title='bbox 1003 1324 1071 1389; x_wconf 74' lang='lat' dir='ltr'>dia</span> 
     </span>
     <span class='ocr_line' id='line_1_12' title="bbox 43 1418 1072 1508; baseline -0.006 -19"><span class='ocrx_word' id='word_1_95' title='bbox 43 1423 239 1489; x_wconf 88' lang='lat' dir='ltr'>lecticorum.</span> <span class='ocrx_word' id='word_1_96' title='bbox 284 1430 399 1505; x_wconf 86' lang='lat' dir='ltr'>sequor</span> <span class='ocrx_word' id='word_1_97' title='bbox 420 1421 519 1508; x_wconf 86' lang='lat' dir='ltr'>igitur</span> <span class='ocrx_word' id='word_1_98' title='bbox 541 1443 595 1486; x_wconf 89' lang='lat' dir='ltr'>eas</span> <span class='ocrx_word' id='word_1_99' title='bbox 613 1421 697 1496; x_wconf 85' lang='lat' dir='ltr'>vias,</span> <span class='ocrx_word' id='word_1_100' title='bbox 724 1441 804 1504; x_wconf 86' lang='lat' dir='ltr'>quas</span> <span class='ocrx_word' id='word_1_101' title='bbox 828 1418 925 1484; x_wconf 90' lang='lat' dir='ltr'>didici</span> <span class='ocrx_word' id='word_1_102' title='bbox 942 1418 983 1484; x_wconf 92' lang='lat' dir='ltr'>ab</span> <span class='ocrx_word' id='word_1_103' title='bbox 1000 1419 1072 1484; x_wconf 84' lang='lat' dir='ltr'>An-</span> 
     </span>
     <span class='ocr_line' id='line_1_13' title="bbox 44 1513 1070 1602; baseline -0.007 -18"><span class='ocrx_word' id='word_1_104' title='bbox 44 1519 163 1597; x_wconf 88' lang='lat' dir='ltr'>tiocho,</span> <span class='ocrx_word' id='word_1_105' title='bbox 180 1539 240 1584; x_wconf 92' lang='lat' dir='ltr'>nec</span> <span class='ocrx_word' id='word_1_106' title='bbox 262 1516 401 1602; x_wconf 86' lang='lat' dir='ltr'>reperio,</span> <span class='ocrx_word' id='word_1_107' title='bbox 424 1516 600 1600; x_wconf 90' lang='lat' dir='ltr'>quomodo</span> <span class='ocrx_word' id='word_1_108' title='bbox 622 1515 761 1580; x_wconf 87' lang='lat' dir='ltr'>iudicem</span> <span class='ocrx_word' id='word_1_109' title='bbox 783 1514 828 1578; x_wconf 89' lang='lat' dir='ltr'>‘si</span> <span class='ocrx_word' id='word_1_110' title='bbox 849 1513 949 1591; x_wconf 92' lang='lat' dir='ltr'>lucet,</span> <span class='ocrx_word' id='word_1_111' title='bbox 971 1513 1070 1578; x_wconf 89' lang='lat' dir='ltr'>lucet’</span> 
     </span>
     <span class='ocr_line' id='line_1_14' title="bbox 45 1608 1073 1694; baseline -0.007 -15"><span class='ocrx_word' id='word_1_112' title='bbox 45 1637 161 1680; x_wconf 86' lang='lat' dir='ltr'>verum</span> <span class='ocrx_word' id='word_1_113' title='bbox 178 1635 258 1690; x_wconf 91' lang='lat' dir='ltr'>esse,</span> <span class='ocrx_word' id='word_1_114' title='bbox 276 1612 318 1677; x_wconf 95' lang='lat' dir='ltr'>ob</span> <span class='ocrx_word' id='word_1_115' title='bbox 332 1635 403 1678; x_wconf 86' lang='lat' dir='ltr'>eam</span> <span class='ocrx_word' id='word_1_116' title='bbox 417 1633 559 1689; x_wconf 89' lang='lat' dir='ltr'>oausam,</span> <span class='ocrx_word' id='word_1_117' title='bbox 576 1609 664 1694; x_wconf 90' lang='lat' dir='ltr'>quod</span> <span class='ocrx_word' id='word_1_118' title='bbox 679 1610 725 1674; x_wconf 93' lang='lat' dir='ltr'>ita</span> <span class='ocrx_word' id='word_1_119' title='bbox 738 1608 844 1687; x_wconf 90' lang='lat' dir='ltr'>didici,</span> <span class='ocrx_word' id='word_1_120' title='bbox 863 1630 967 1687; x_wconf 91' lang='lat' dir='ltr'>omne,</span> <span class='ocrx_word' id='word_1_121' title='bbox 985 1608 1073 1694; x_wconf 88' lang='lat' dir='ltr'>quod</span> 
     </span>
     <span class='ocr_line' id='line_1_15' title="bbox 44 1703 1073 1794; baseline -0.007 -20"><span class='ocrx_word' id='word_1_122' title='bbox 44 1710 155 1794; x_wconf 86' lang='lat' dir='ltr'>ipsum</span> <span class='ocrx_word' id='word_1_123' title='bbox 171 1729 212 1773; x_wconf 88' lang='lat' dir='ltr'>ex</span> <span class='ocrx_word' id='word_1_124' title='bbox 229 1730 264 1773; x_wconf 93' lang='lat' dir='ltr'>se</span> <span class='ocrx_word' id='word_1_125' title='bbox 280 1728 440 1773; x_wconf 85' lang='lat' dir='ltr'>conexum</span> <span class='ocrx_word' id='word_1_126' title='bbox 457 1705 512 1784; x_wconf 89' lang='lat' dir='ltr'>sit,</span> <span class='ocrx_word' id='word_1_127' title='bbox 534 1727 647 1772; x_wconf 88' lang='lat' dir='ltr'>verum</span> <span class='ocrx_word' id='word_1_128' title='bbox 669 1726 754 1782; x_wconf 92' lang='lat' dir='ltr'>esse,</span> <span class='ocrx_word' id='word_1_129' title='bbox 777 1725 843 1769; x_wconf 90' lang='lat' dir='ltr'>non</span> <span class='ocrx_word' id='word_1_130' title='bbox 865 1703 1004 1770; x_wconf 90' lang='lat' dir='ltr'>iudicem</span> <span class='ocrx_word' id='word_1_131' title='bbox 1031 1705 1073 1768; x_wconf 88' lang='lat' dir='ltr'>‘si</span> 
     </span>
     <span class='ocr_line' id='line_1_16' title="bbox 46 1796 1073 1887; baseline -0.005 -21"><span class='ocrx_word' id='word_1_132' title='bbox 46 1802 205 1879; x_wconf 88' lang='lat' dir='ltr'>mentiris,</span> <span class='ocrx_word' id='word_1_133' title='bbox 231 1800 398 1887; x_wconf 85' lang='lat' dir='ltr'>mentiris,’</span> <span class='ocrx_word' id='word_1_134' title='bbox 427 1800 539 1866; x_wconf 91' lang='lat' dir='ltr'>eodem</span> <span class='ocrx_word' id='word_1_135' title='bbox 561 1800 656 1865; x_wconf 92' lang='lat' dir='ltr'>modo</span> <span class='ocrx_word' id='word_1_136' title='bbox 680 1796 781 1886; x_wconf 91' lang='lat' dir='ltr'>[esse]</span> <span class='ocrx_word' id='word_1_137' title='bbox 807 1820 974 1864; x_wconf 86' lang='lat' dir='ltr'>conexum.</span> <span class='ocrx_word' id='word_1_138' title='bbox 1018 1808 1073 1862; x_wconf 87' lang='lat' dir='ltr'>aut</span> 
     </span>
     <span class='ocr_line' id='line_1_17' title="bbox 46 1892 1074 1983; baseline -0.003 -23"><span class='ocrx_word' id='word_1_139' title='bbox 46 1897 146 1983; x_wconf 85' lang='lat' dir='ltr'>igitur</span> <span class='ocrx_word' id='word_1_140' title='bbox 168 1897 230 1962; x_wconf 92' lang='lat' dir='ltr'>hoc</span> <span class='ocrx_word' id='word_1_141' title='bbox 252 1906 284 1962; x_wconf 87' lang='lat' dir='ltr'>et</span> <span class='ocrx_word' id='word_1_142' title='bbox 303 1894 398 1974; x_wconf 90' lang='lat' dir='ltr'>illud,</span> <span class='ocrx_word' id='word_1_143' title='bbox 425 1905 495 1973; x_wconf 88' lang='lat' dir='ltr'>aut,</span> <span class='ocrx_word' id='word_1_144' title='bbox 521 1894 583 1960; x_wconf 89' lang='lat' dir='ltr'>nisi</span> <span class='ocrx_word' id='word_1_145' title='bbox 604 1894 682 1972; x_wconf 90' lang='lat' dir='ltr'>hoc,</span> <span class='ocrx_word' id='word_1_146' title='bbox 709 1917 750 1960; x_wconf 89' lang='lat' dir='ltr'>ne</span> <span class='ocrx_word' id='word_1_147' title='bbox 772 1892 852 1958; x_wconf 91' lang='lat' dir='ltr'>illud</span> <span class='ocrx_word' id='word_1_148' title='bbox 873 1893 1004 1977; x_wconf 89' lang='lat' dir='ltr'>quidem</span> <span class='ocrx_word' id='word_1_149' title='bbox 1024 1892 1074 1957; x_wconf 92' lang='lat' dir='ltr'>iu·</span> 
     </span>
     <span class='ocr_line' id='line_1_18' title="bbox 48 1992 174 2056; baseline -0.008 -1"><span class='ocrx_word' id='word_1_150' title='bbox 48 1992 174 2056; x_wconf 88' lang='lat' dir='ltr'>dicabo.</span> 
     </span>
    </p>

    <p class='ocr_par' dir='ltr' id='par_1_5' title="bbox 47 2084 1123 4258">
     <span class='ocr_line' id='line_1_19' title="bbox 115 2084 1123 2169; baseline -0.006 -18"><span class='ocrx_word' id='word_1_151' title='bbox 115 2084 183 2151; x_wconf 85' lang='lat' dir='ltr'>Sed</span> <span class='ocrx_word' id='word_1_152' title='bbox 199 2095 235 2152; x_wconf 91' lang='lat' dir='ltr'>ut</span> <span class='ocrx_word' id='word_1_153' title='bbox 252 2084 353 2150; x_wconf 89' lang='lat' dir='ltr'>omnis</span> <span class='ocrx_word' id='word_1_154' title='bbox 371 2085 448 2150; x_wconf 89' lang='lat' dir='ltr'>istos</span> <span class='ocrx_word' id='word_1_155' title='bbox 466 2085 592 2150; x_wconf 88' lang='lat' dir='ltr'>aculeos</span> <span class='ocrx_word' id='word_1_156' title='bbox 606 2094 638 2150; x_wconf 89' lang='lat' dir='ltr'>et</span> <span class='ocrx_word' id='word_1_157' title='bbox 654 2093 758 2150; x_wconf 91' lang='lat' dir='ltr'>totum</span> <span class='ocrx_word' id='word_1_158' title='bbox 774 2093 953 2149; x_wconf 89' lang='lat' dir='ltr'>tortuosum</span> <span class='ocrx_word' id='word_1_159' title='bbox 969 2103 1072 2169; x_wconf 85' lang='lat' dir='ltr'>genus</span> <span class='ocrx_word' id='word_1_160' title='bbox 1089 2099 1123 2156; x_wconf 84' lang='lat'>31</span> 
     </span>
     <span class='ocr_line' id='line_1_20' title="bbox 48 2177 1074 2267; baseline -0.005 -21"><span class='ocrx_word' id='word_1_161' title='bbox 48 2181 233 2267; x_wconf 89' lang='lat' dir='ltr'>disputandi</span> <span class='ocrx_word' id='word_1_162' title='bbox 258 2181 475 2264; x_wconf 88' lang='lat' dir='ltr'>relinquamus</span> <span class='ocrx_word' id='word_1_163' title='bbox 497 2179 765 2265; x_wconf 87' lang='lat' dir='ltr'>ostendamusque</span> <span class='ocrx_word' id='word_1_164' title='bbox 792 2178 848 2263; x_wconf 89' lang='lat' dir='ltr'>qui</span> <span class='ocrx_word' id='word_1_165' title='bbox 870 2177 983 2255; x_wconf 87' lang='lat' dir='ltr'>simus,</span> <span class='ocrx_word' id='word_1_166' title='bbox 1008 2177 1074 2242; x_wconf 89' lang='lat' dir='ltr'>iam</span> 
     </span>
     <span class='ocr_line' id='line_1_21' title="bbox 48 2273 1075 2364; baseline -0.007 -20"><span class='ocrx_word' id='word_1_167' title='bbox 48 2277 208 2364; x_wconf 84' lang='lat' dir='ltr'>explicata</span> <span class='ocrx_word' id='word_1_168' title='bbox 234 2286 302 2342; x_wconf 85' lang='lat' dir='ltr'>tota</span> <span class='ocrx_word' id='word_1_169' title='bbox 327 2273 502 2343; x_wconf 82' lang='lat' dir='ltr'>Carneadis</span> <span class='ocrx_word' id='word_1_170' title='bbox 530 2275 686 2342; x_wconf 89' lang='lat' dir='ltr'>sententia</span> <span class='ocrx_word' id='word_1_171' title='bbox 707 2275 888 2340; x_wconf 84' lang='lat' dir='ltr'>Antiochea</span> <span class='ocrx_word' id='word_1_172' title='bbox 912 2273 974 2339; x_wconf 83' lang='lat' dir='ltr'>ista</span> <span class='ocrx_word' id='word_1_173' title='bbox 999 2295 1075 2338; x_wconf 92' lang='lat' dir='ltr'>con·</span> 
     </span>
     <span class='ocr_line' id='line_1_22' title="bbox 47 2366 1075 2456; baseline -0.005 -18"><span class='ocrx_word' id='word_1_174' title='bbox 47 2383 146 2438; x_wconf 88' lang='lat' dir='ltr'>ruent</span> <span class='ocrx_word' id='word_1_175' title='bbox 165 2371 323 2437; x_wconf 88' lang='lat' dir='ltr'>universa.</span> <span class='ocrx_word' id='word_1_176' title='bbox 366 2393 426 2438; x_wconf 89' lang='lat' dir='ltr'>nec</span> <span class='ocrx_word' id='word_1_177' title='bbox 448 2393 524 2438; x_wconf 88' lang='lat' dir='ltr'>vero</span> <span class='ocrx_word' id='word_1_178' title='bbox 547 2370 719 2456; x_wconf 90' lang='lat' dir='ltr'>quicquam</span> <span class='ocrx_word' id='word_1_179' title='bbox 735 2369 781 2435; x_wconf 87' lang='lat' dir='ltr'>ita</span> <span class='ocrx_word' id='word_1_180' title='bbox 797 2369 917 2447; x_wconf 90' lang='lat' dir='ltr'>dicam,</span> <span class='ocrx_word' id='word_1_181' title='bbox 934 2378 971 2433; x_wconf 92' lang='lat' dir='ltr'>ut</span> <span class='ocrx_word' id='word_1_182' title='bbox 988 2366 1075 2453; x_wconf 88' lang='lat' dir='ltr'>quis·</span> 
     </span>
     <span class='ocr_line' id='line_1_23' title="bbox 49 2462 1075 2552; baseline -0.004 -18"><span class='ocrx_word' id='word_1_183' title='bbox 49 2489 150 2551; x_wconf 87' lang='lat' dir='ltr'>quam</span> <span class='ocrx_word' id='word_1_184' title='bbox 162 2465 196 2530; x_wconf 94' lang='lat' dir='ltr'>id</span> <span class='ocrx_word' id='word_1_185' title='bbox 209 2465 289 2552; x_wconf 86' lang='lat' dir='ltr'>fingi</span> <span class='ocrx_word' id='word_1_186' title='bbox 302 2465 492 2552; x_wconf 89' lang='lat' dir='ltr'>suspicetur:</span> <span class='ocrx_word' id='word_1_187' title='bbox 511 2462 740 2531; x_wconf 87' lang='lat' dir='ltr'>aClitomacho</span> <span class='ocrx_word' id='word_1_188' title='bbox 750 2486 884 2542; x_wconf 89' lang='lat' dir='ltr'>sumam,</span> <span class='ocrx_word' id='word_1_189' title='bbox 903 2463 959 2548; x_wconf 92' lang='lat' dir='ltr'>qui</span> <span class='ocrx_word' id='word_1_190' title='bbox 972 2484 1075 2547; x_wconf 90' lang='lat' dir='ltr'>usque</span> 
     </span>
     <span class='ocr_line' id='line_1_24' title="bbox 48 2557 1075 2637; baseline -0.006 -11"><span class='ocrx_word' id='word_1_191' title='bbox 48 2562 94 2626; x_wconf 87' lang='lat' dir='ltr'>ad</span> <span class='ocrx_word' id='word_1_192' title='bbox 116 2571 311 2627; x_wconf 90' lang='lat' dir='ltr'>senectutem</span> <span class='ocrx_word' id='word_1_193' title='bbox 334 2582 407 2626; x_wconf 91' lang='lat' dir='ltr'>cum</span> <span class='ocrx_word' id='word_1_194' title='bbox 426 2557 594 2626; x_wconf 82' lang='lat' dir='ltr'>Carneade</span> <span class='ocrx_word' id='word_1_195' title='bbox 614 2559 691 2637; x_wconf 85' lang='lat' dir='ltr'>fuit,</span> <span class='ocrx_word' id='word_1_196' title='bbox 716 2560 812 2624; x_wconf 93' lang='lat' dir='ltr'>homo</span> <span class='ocrx_word' id='word_1_197' title='bbox 830 2571 862 2624; x_wconf 90' lang='lat' dir='ltr'>et</span> <span class='ocrx_word' id='word_1_198' title='bbox 884 2568 1011 2634; x_wconf 89' lang='lat' dir='ltr'>acutus,</span> <span class='ocrx_word' id='word_1_199' title='bbox 1038 2565 1075 2620; x_wconf 90' lang='lat' dir='ltr'>ut</span> 
     </span>
     <span class='ocr_line' id='line_1_25' title="bbox 47 2651 1074 2740; baseline -0.005 -20"><span class='ocrx_word' id='word_1_200' title='bbox 47 2655 193 2732; x_wconf 88' lang='lat' dir='ltr'>Poenus,</span> <span class='ocrx_word' id='word_1_201' title='bbox 212 2665 244 2722; x_wconf 93' lang='lat' dir='ltr'>et</span> <span class='ocrx_word' id='word_1_202' title='bbox 261 2655 354 2720; x_wconf 84' lang='lat' dir='ltr'>valde</span> <span class='ocrx_word' id='word_1_203' title='bbox 373 2655 533 2720; x_wconf 91' lang='lat' dir='ltr'>studiosus</span> <span class='ocrx_word' id='word_1_204' title='bbox 551 2677 590 2720; x_wconf 89' lang='lat' dir='ltr'>ac</span> <span class='ocrx_word' id='word_1_205' title='bbox 607 2655 742 2740; x_wconf 85' lang='lat' dir='ltr'>diligens</span> <span class='ocrx_word' id='word_1_206' title='bbox 748 2679 757 2732; x_wconf 84' lang='lat'><em>3</em></span> <span class='ocrx_word' id='word_1_207' title='bbox 780 2664 813 2719; x_wconf 89' lang='lat' dir='ltr'>et</span> <span class='ocrx_word' id='word_1_208' title='bbox 835 2661 985 2737; x_wconf 89' lang='lat' dir='ltr'>quattuor</span> <span class='ocrx_word' id='word_1_209' title='bbox 1006 2651 1074 2716; x_wconf 92' lang='lat' dir='ltr'>eius</span> 
     </span>
     <span class='ocr_line' id='line_1_26' title="bbox 47 2748 1074 2831; baseline -0.004 -17"><span class='ocrx_word' id='word_1_210' title='bbox 47 2749 126 2814; x_wconf 89' lang='lat' dir='ltr'>libri</span> <span class='ocrx_word' id='word_1_211' title='bbox 144 2760 217 2814; x_wconf 92' lang='lat' dir='ltr'>sunt</span> <span class='ocrx_word' id='word_1_212' title='bbox 229 2748 269 2814; x_wconf 93' lang='lat' dir='ltr'>de</span> <span class='ocrx_word' id='word_1_213' title='bbox 282 2749 473 2814; x_wconf 86' lang='lat' dir='ltr'>sustinendis</span> <span class='ocrx_word' id='word_1_214' title='bbox 488 2748 745 2827; x_wconf 87' lang='lat' dir='ltr'>adsensionibus3</span> <span class='ocrx_word' id='word_1_215' title='bbox 763 2748 843 2814; x_wconf 89' lang='lat' dir='ltr'>haec</span> <span class='ocrx_word' id='word_1_216' title='bbox 856 2760 974 2826; x_wconf 90' lang='lat' dir='ltr'>autem,</span> <span class='ocrx_word' id='word_1_217' title='bbox 992 2767 1074 2831; x_wconf 89' lang='lat' dir='ltr'>quae</span> 
     </span>
     <span class='ocr_line' id='line_1_27' title="bbox 47 2838 1123 2930; baseline -0.007 -21"><span class='ocrx_word' id='word_1_218' title='bbox 47 2845 117 2909; x_wconf 87' lang='lat' dir='ltr'>iam</span> <span class='ocrx_word' id='word_1_219' title='bbox 135 2843 248 2920; x_wconf 88' lang='lat' dir='ltr'>dicam,</span> <span class='ocrx_word' id='word_1_220' title='bbox 267 2853 342 2908; x_wconf 90' lang='lat' dir='ltr'>sunt</span> <span class='ocrx_word' id='word_1_221' title='bbox 357 2856 485 2930; x_wconf 89' lang='lat' dir='ltr'>sumpta</span> <span class='ocrx_word' id='word_1_222' title='bbox 502 2845 542 2910; x_wconf 93' lang='lat' dir='ltr'>de</span> <span class='ocrx_word' id='word_1_223' title='bbox 559 2845 672 2930; x_wconf 87' lang='lat' dir='ltr'>primo.</span> <span class='ocrx_word' id='word_1_224' title='bbox 708 2844 773 2909; x_wconf 92' lang='lat' dir='ltr'>duo</span> <span class='ocrx_word' id='word_1_225' title='bbox 790 2843 896 2929; x_wconf 91' lang='lat' dir='ltr'>placet</span> <span class='ocrx_word' id='word_1_226' title='bbox 913 2864 982 2909; x_wconf 87' lang='lat' dir='ltr'>esse</span> <span class='ocrx_word' id='word_1_227' title='bbox 996 2838 1076 2907; x_wconf 82' lang='lat' dir='ltr'>Car·</span> <span class='ocrx_word' id='word_1_228' title='bbox 1096 2861 1123 2902; x_wconf 83' lang='lat' dir='ltr'>aa</span> 
     </span>
     <span class='ocr_line' id='line_1_28' title="bbox 49 2937 1077 3026; baseline -0.001 -22"><span class='ocrx_word' id='word_1_229' title='bbox 49 2939 148 3006; x_wconf 87' lang='lat' dir='ltr'>neadi</span> <span class='ocrx_word' id='word_1_230' title='bbox 173 2961 292 3026; x_wconf 87' lang='lat' dir='ltr'>genera</span> <span class='ocrx_word' id='word_1_231' title='bbox 316 2941 481 3006; x_wconf 77' lang='lat' dir='ltr'>visorumz·</span> <span class='ocrx_word' id='word_1_232' title='bbox 503 2941 538 3006; x_wconf 92' lang='lat' dir='ltr'>in</span> <span class='ocrx_word' id='word_1_233' title='bbox 563 2962 627 3006; x_wconf 94' lang='lat' dir='ltr'>uno</span> <span class='ocrx_word' id='word_1_234' title='bbox 653 2941 736 3006; x_wconf 86' lang='lat' dir='ltr'>hanc</span> <span class='ocrx_word' id='word_1_235' title='bbox 763 2940 965 3006; x_wconf 82' lang='lat' dir='ltr'>divisionem:</span> <span class='ocrx_word' id='word_1_236' title='bbox 998 2937 1077 3004; x_wconf 89' lang='lat' dir='ltr'>‘alia</span> 
     </span>
     <span class='ocr_line' id='line_1_29' title="bbox 49 3033 1076 3122; baseline -0.003 -22"><span class='ocrx_word' id='word_1_237' title='bbox 49 3035 123 3100; x_wconf 88' lang='lat' dir='ltr'>visa</span> <span class='ocrx_word' id='word_1_238' title='bbox 140 3056 209 3099; x_wconf 90' lang='lat' dir='ltr'>esse</span> <span class='ocrx_word' id='word_1_239' title='bbox 226 3055 309 3118; x_wconf 91' lang='lat' dir='ltr'>quae</span> <span class='ocrx_word' id='word_1_240' title='bbox 326 3033 446 3122; x_wconf 90' lang='lat' dir='ltr'>percipi</span> <span class='ocrx_word' id='word_1_241' title='bbox 464 3035 602 3121; x_wconf 89' lang='lat' dir='ltr'>possint,</span> <span class='ocrx_word' id='word_1_242' title='bbox 620 3035 683 3102; x_wconf 92' lang='lat' dir='ltr'>alia</span> <span class='ocrx_word' id='word_1_243' title='bbox 701 3056 784 3119; x_wconf 88' lang='lat' dir='ltr'>quae</span> <span class='ocrx_word' id='word_1_244' title='bbox 800 3056 867 3099; x_wconf 93' lang='lat' dir='ltr'>non</span> <span class='ocrx_word' id='word_1_245' title='bbox 882 3033 1024 3121; x_wconf 90' lang='lat' dir='ltr'>possint,’</span> <span class='ocrx_word' id='word_1_246' title='bbox 1042 3033 1076 3097; x_wconf 92' lang='lat' dir='ltr'>in</span> 
     </span>
     <span class='ocr_line' id='line_1_30' title="bbox 50 3127 1077 3217; baseline -0.002 -23"><span class='ocrx_word' id='word_1_247' title='bbox 50 3131 153 3195; x_wconf 89' lang='lat' dir='ltr'>altero</span> <span class='ocrx_word' id='word_1_248' title='bbox 176 3141 297 3195; x_wconf 89' lang='lat' dir='ltr'>autem:</span> <span class='ocrx_word' id='word_1_249' title='bbox 320 3131 397 3196; x_wconf 81' lang='lat' dir='ltr'>‘alia</span> <span class='ocrx_word' id='word_1_250' title='bbox 414 3130 484 3196; x_wconf 86' lang='lat' dir='ltr'>visa</span> <span class='ocrx_word' id='word_1_251' title='bbox 500 3154 570 3197; x_wconf 88' lang='lat' dir='ltr'>esse</span> <span class='ocrx_word' id='word_1_252' title='bbox 587 3130 782 3217; x_wconf 86' lang='lat' dir='ltr'>probabilia,</span> <span class='ocrx_word' id='word_1_253' title='bbox 800 3131 863 3196; x_wconf 89' lang='lat' dir='ltr'>alia</span> <span class='ocrx_word' id='word_1_254' title='bbox 879 3151 945 3196; x_wconf 92' lang='lat' dir='ltr'>non</span> <span class='ocrx_word' id='word_1_255' title='bbox 960 3127 1077 3216; x_wconf 84' lang='lat' dir='ltr'>proba-</span> 
     </span>
     <span class='ocr_line' id='line_1_31' title="bbox 50 3223 1077 3311; baseline -0.002 -22"><span class='ocrx_word' id='word_1_256' title='bbox 50 3224 150 3291; x_wconf 84' lang='lat' dir='ltr'>bilia&#39;</span> <span class='ocrx_word' id='word_1_257' title='bbox 193 3225 316 3309; x_wconf 80' lang='lat' dir='ltr'>itaque,</span> <span class='ocrx_word' id='word_1_258' title='bbox 339 3247 422 3310; x_wconf 86' lang='lat' dir='ltr'>quse</span> <span class='ocrx_word' id='word_1_259' title='bbox 444 3235 554 3290; x_wconf 88' lang='lat' dir='ltr'>contra</span> <span class='ocrx_word' id='word_1_260' title='bbox 576 3248 689 3291; x_wconf 89' lang='lat' dir='ltr'>sensus</span> <span class='ocrx_word' id='word_1_261' title='bbox 707 3236 881 3310; x_wconf 84' lang='lat' dir='ltr'>contraque</span> <span class='ocrx_word' id='word_1_262' title='bbox 902 3223 1077 3311; x_wconf 88' lang='lat' dir='ltr'>perspicui·</span> 
     </span>
     <span class='ocr_line' id='line_1_32' title="bbox 51 3318 1077 3406; baseline -0.002 -22"><span class='ocrx_word' id='word_1_263' title='bbox 51 3331 153 3386; x_wconf 87' lang='lat' dir='ltr'>tatem</span> <span class='ocrx_word' id='word_1_264' title='bbox 175 3318 333 3397; x_wconf 88' lang='lat' dir='ltr'>dicantur,</span> <span class='ocrx_word' id='word_1_265' title='bbox 360 3342 399 3386; x_wconf 89' lang='lat' dir='ltr'>ea</span> <span class='ocrx_word' id='word_1_266' title='bbox 420 3321 578 3406; x_wconf 89' lang='lat' dir='ltr'>pertinere</span> <span class='ocrx_word' id='word_1_267' title='bbox 595 3320 637 3384; x_wconf 87' lang='lat' dir='ltr'>ad</span> <span class='ocrx_word' id='word_1_268' title='bbox 658 3321 853 3406; x_wconf 88' lang='lat' dir='ltr'>superiorem</span> <span class='ocrx_word' id='word_1_269' title='bbox 876 3318 1061 3384; x_wconf 91' lang='lat' dir='ltr'>divisionem</span> <span class='ocrx_word' id='word_1_270' title='bbox 1067 3341 1077 3394; x_wconf 93' lang='lat'>;</span> 
     </span>
     <span class='ocr_line' id='line_1_33' title="bbox 53 3411 1076 3501; baseline -0.003 -23"><span class='ocrx_word' id='word_1_271' title='bbox 53 3423 167 3480; x_wconf 90' lang='lat' dir='ltr'>contra</span> <span class='ocrx_word' id='word_1_272' title='bbox 182 3413 388 3499; x_wconf 87' lang='lat' dir='ltr'>posteriorem</span> <span class='ocrx_word' id='word_1_273' title='bbox 401 3413 481 3480; x_wconf 89' lang='lat' dir='ltr'>nihil</span> <span class='ocrx_word' id='word_1_274' title='bbox 494 3415 558 3480; x_wconf 92' lang='lat' dir='ltr'>dici</span> <span class='ocrx_word' id='word_1_275' title='bbox 572 3424 731 3501; x_wconf 85' lang='lat' dir='ltr'>oportere3</span> <span class='ocrx_word' id='word_1_276' title='bbox 750 3437 815 3500; x_wconf 90' lang='lat' dir='ltr'>qua</span> <span class='ocrx_word' id='word_1_277' title='bbox 825 3413 920 3480; x_wconf 90' lang='lat' dir='ltr'>reita</span> <span class='ocrx_word' id='word_1_278' title='bbox 936 3411 1076 3498; x_wconf 87' lang='lat' dir='ltr'>placere:</span> 
     </span>
     <span class='ocr_line' id='line_1_34' title="bbox 52 3508 1079 3596; baseline -0.001 -23"><span class='ocrx_word' id='word_1_279' title='bbox 52 3509 119 3574; x_wconf 88' lang='lat' dir='ltr'>tale</span> <span class='ocrx_word' id='word_1_280' title='bbox 135 3508 241 3574; x_wconf 88' lang='lat' dir='ltr'>visum</span> <span class='ocrx_word' id='word_1_281' title='bbox 257 3509 381 3576; x_wconf 89' lang='lat' dir='ltr'>nullum</span> <span class='ocrx_word' id='word_1_282' title='bbox 398 3531 477 3588; x_wconf 88' lang='lat' dir='ltr'>esse,</span> <span class='ocrx_word' id='word_1_283' title='bbox 495 3521 532 3575; x_wconf 92' lang='lat' dir='ltr'>ut</span> <span class='ocrx_word' id='word_1_284' title='bbox 547 3511 709 3596; x_wconf 81' lang='lat' dir='ltr'>perceptio</span> <span class='ocrx_word' id='word_1_285' title='bbox 727 3519 950 3594; x_wconf 87' lang='lat' dir='ltr'>consequatur,</span> <span class='ocrx_word' id='word_1_286' title='bbox 967 3518 1005 3573; x_wconf 89' lang='lat' dir='ltr'>ut</span> <span class='ocrx_word' id='word_1_287' title='bbox 1020 3530 1079 3573; x_wconf 90' lang='lat' dir='ltr'>au·</span> 
     </span>
     <span class='ocr_line' id='line_1_35' title="bbox 53 3601 1079 3690; baseline -0.003 -22"><span class='ocrx_word' id='word_1_288' title='bbox 53 3615 121 3669; x_wconf 91' lang='lat' dir='ltr'>tem</span> <span class='ocrx_word' id='word_1_289' title='bbox 137 3602 293 3690; x_wconf 90' lang='lat' dir='ltr'>probatio,</span> <span class='ocrx_word' id='word_1_290' title='bbox 310 3605 421 3670; x_wconf 88' lang='lat' dir='ltr'>multa.</span> <span class='ocrx_word' id='word_1_291' title='bbox 465 3604 581 3671; x_wconf 87' lang='lat' dir='ltr'>etenim</span> <span class='ocrx_word' id='word_1_292' title='bbox 599 3616 709 3671; x_wconf 88' lang='lat' dir='ltr'>contra</span> <span class='ocrx_word' id='word_1_293' title='bbox 724 3617 871 3672; x_wconf 89' lang='lat' dir='ltr'>naturam</span> <span class='ocrx_word' id='word_1_294' title='bbox 888 3614 946 3681; x_wconf 82' lang='lat' dir='ltr'>est,</span> <span class='ocrx_word' id='word_1_295' title='bbox 963 3601 1079 3690; x_wconf 88' lang='lat' dir='ltr'>proba-</span> 
     </span>
     <span class='ocr_line' id='line_1_36' title="bbox 55 3696 1077 3783; baseline -0.001 -21"><span class='ocrx_word' id='word_1_296' title='bbox 55 3697 119 3764; x_wconf 90' lang='lat' dir='ltr'>bile</span> <span class='ocrx_word' id='word_1_297' title='bbox 144 3696 225 3764; x_wconf 90' lang='lat' dir='ltr'>nihil</span> <span class='ocrx_word' id='word_1_298' title='bbox 250 3719 334 3778; x_wconf 89' lang='lat' dir='ltr'>esse,</span> <span class='ocrx_word' id='word_1_299' title='bbox 361 3711 393 3764; x_wconf 93' lang='lat' dir='ltr'>et</span> <span class='ocrx_word' id='word_1_300' title='bbox 420 3699 563 3783; x_wconf 90' lang='lat' dir='ltr'>sequitur</span> <span class='ocrx_word' id='word_1_301' title='bbox 588 3700 692 3764; x_wconf 89' lang='lat' dir='ltr'>omnis</span> <span class='ocrx_word' id='word_1_302' title='bbox 718 3701 802 3765; x_wconf 86' lang='lat' dir='ltr'>vitae</span> <span class='ocrx_word' id='word_1_303' title='bbox 828 3721 882 3778; x_wconf 88' lang='lat' dir='ltr'>ea,</span> <span class='ocrx_word' id='word_1_304' title='bbox 908 3719 1006 3783; x_wconf 84' lang='lat' dir='ltr'>quam</span> <span class='ocrx_word' id='word_1_305' title='bbox 1031 3707 1077 3775; x_wconf 90' lang='lat' dir='ltr'>tu,</span> 
     </span>
     <span class='ocr_line' id='line_1_37' title="bbox 55 3791 1078 3878; baseline -0.002 -20"><span class='ocrx_word' id='word_1_306' title='bbox 55 3792 209 3868; x_wconf 89' lang='lat' dir='ltr'>Luculle,</span> <span class='ocrx_word' id='word_1_307' title='bbox 237 3794 523 3872; x_wconf 87' lang='lat' dir='ltr'>commemorabas,</span> <span class='ocrx_word' id='word_1_308' title='bbox 554 3793 687 3860; x_wconf 89' lang='lat' dir='ltr'>eversio.</span> <span class='ocrx_word' id='word_1_309' title='bbox 739 3794 848 3878; x_wconf 84' lang='lat' dir='ltr'>itaque</span> <span class='ocrx_word' id='word_1_310' title='bbox 875 3805 908 3859; x_wconf 91' lang='lat' dir='ltr'>et</span> <span class='ocrx_word' id='word_1_311' title='bbox 933 3791 1078 3858; x_wconf 89' lang='lat' dir='ltr'>sensibus</span> 
     </span>
     <span class='ocr_line' id='line_1_38' title="bbox 55 3885 1079 3973; baseline -0.003 -20"><span class='ocrx_word' id='word_1_312' title='bbox 55 3887 221 3973; x_wconf 87' lang='lat' dir='ltr'>probanda</span> <span class='ocrx_word' id='word_1_313' title='bbox 238 3888 340 3954; x_wconf 86' lang='lat' dir='ltr'>multa</span> <span class='ocrx_word' id='word_1_314' title='bbox 357 3899 446 3966; x_wconf 90' lang='lat' dir='ltr'>sunt,</span> <span class='ocrx_word' id='word_1_315' title='bbox 464 3899 609 3956; x_wconf 83' lang='lat' dir='ltr'>teneatur</span> <span class='ocrx_word' id='word_1_316' title='bbox 626 3888 721 3954; x_wconf 93' lang='lat' dir='ltr'>modo</span> <span class='ocrx_word' id='word_1_317' title='bbox 739 3888 828 3965; x_wconf 89' lang='lat' dir='ltr'>illud,</span> <span class='ocrx_word' id='word_1_318' title='bbox 846 3910 911 3953; x_wconf 90' lang='lat' dir='ltr'>non</span> <span class='ocrx_word' id='word_1_319' title='bbox 928 3888 1032 3952; x_wconf 89' lang='lat' dir='ltr'>inesse</span> <span class='ocrx_word' id='word_1_320' title='bbox 1044 3885 1079 3950; x_wconf 91' lang='lat' dir='ltr'>in</span> 
     </span>
     <span class='ocr_line' id='line_1_39' title="bbox 55 3980 1079 4068; baseline -0.003 -20"><span class='ocrx_word' id='word_1_321' title='bbox 55 3982 94 4048; x_wconf 90' lang='lat' dir='ltr'>iis</span> <span class='ocrx_word' id='word_1_322' title='bbox 117 3981 289 4067; x_wconf 86' lang='lat' dir='ltr'>quicquam</span> <span class='ocrx_word' id='word_1_323' title='bbox 312 3983 390 4061; x_wconf 87' lang='lat' dir='ltr'>tale,</span> <span class='ocrx_word' id='word_1_324' title='bbox 417 3983 511 4068; x_wconf 78' lang='lat' dir='ltr'>quale</span> <span class='ocrx_word' id='word_1_325' title='bbox 533 4005 597 4049; x_wconf 90' lang='lat' dir='ltr'>non</span> <span class='ocrx_word' id='word_1_326' title='bbox 620 3984 716 4052; x_wconf 90' lang='lat' dir='ltr'>etiam</span> <span class='ocrx_word' id='word_1_327' title='bbox 738 3982 856 4050; x_wconf 84' lang='lat' dir='ltr'>falsum</span> <span class='ocrx_word' id='word_1_328' title='bbox 877 3981 955 4046; x_wconf 91' lang='lat' dir='ltr'>nihil</span> <span class='ocrx_word' id='word_1_329' title='bbox 977 3980 1019 4046; x_wconf 89' lang='lat' dir='ltr'>ab</span> <span class='ocrx_word' id='word_1_330' title='bbox 1041 4001 1079 4046; x_wconf 91' lang='lat' dir='ltr'>eo</span> 
     </span>
     <span class='ocr_line' id='line_1_40' title="bbox 55 4076 1080 4164; baseline -0.002 -22"><span class='ocrx_word' id='word_1_331' title='bbox 55 4077 207 4144; x_wconf 83' lang='lat' dir='ltr'>differens</span> <span class='ocrx_word' id='word_1_332' title='bbox 225 4099 294 4143; x_wconf 90' lang='lat' dir='ltr'>esse</span> <span class='ocrx_word' id='word_1_333' title='bbox 312 4077 422 4164; x_wconf 85' lang='lat' dir='ltr'>possit.</span> <span class='ocrx_word' id='word_1_334' title='bbox 466 4079 527 4157; x_wconf 90' lang='lat' dir='ltr'>sic,</span> <span class='ocrx_word' id='word_1_335' title='bbox 545 4077 698 4163; x_wconf 90' lang='lat' dir='ltr'>quicquid</span> <span class='ocrx_word' id='word_1_336' title='bbox 715 4077 867 4144; x_wconf 89' lang='lat' dir='ltr'>acciderit</span> <span class='ocrx_word' id='word_1_337' title='bbox 883 4076 988 4163; x_wconf 91' lang='lat' dir='ltr'>specie</span> <span class='ocrx_word' id='word_1_338' title='bbox 1006 4096 1080 4164; x_wconf 88' lang='lat' dir='ltr'>pro·</span> 
     </span>
     <span class='ocr_line' id='line_1_41' title="bbox 56 4169 1079 4258; baseline -0.006 -18"><span class='ocrx_word' id='word_1_339' title='bbox 56 4173 178 4251; x_wconf 88' lang='lat' dir='ltr'>babile,</span> <span class='ocrx_word' id='word_1_340' title='bbox 205 4171 232 4236; x_wconf 90' lang='lat' dir='ltr'>si</span> <span class='ocrx_word' id='word_1_341' title='bbox 252 4171 332 4238; x_wconf 90' lang='lat' dir='ltr'>nihil</span> <span class='ocrx_word' id='word_1_342' title='bbox 348 4194 384 4239; x_wconf 86' lang='lat' dir='ltr'>se</span> <span class='ocrx_word' id='word_1_343' title='bbox 402 4171 514 4240; x_wconf 86' lang='lat' dir='ltr'>offeret</span> <span class='ocrx_word' id='word_1_344' title='bbox 531 4172 618 4257; x_wconf 91' lang='lat' dir='ltr'>quod</span> <span class='ocrx_word' id='word_1_345' title='bbox 641 4173 682 4238; x_wconf 87' lang='lat' dir='ltr'>sit</span> <span class='ocrx_word' id='word_1_346' title='bbox 704 4171 919 4258; x_wconf 89' lang='lat' dir='ltr'>probabilitati</span> <span class='ocrx_word' id='word_1_347' title='bbox 940 4169 986 4236; x_wconf 90' lang='lat' dir='ltr'>illi</span> <span class='ocrx_word' id='word_1_348' title='bbox 1004 4190 1079 4234; x_wconf 93' lang='lat' dir='ltr'>con·</span> 
     </span>
    </p>
   </div>
   <div class='ocr_carea' id='block_1_5' title="bbox 0 0 1364 4730">
    <p class='ocr_par' dir='ltr' id='par_1_6' title="bbox 0 0 1364 4730">
     <span class='ocr_line' id='line_1_42' title="bbox 0 0 1364 4730; baseline 0 0"><span class='ocrx_word' id='word_1_349' title='bbox 0 0 1364 4730; x_wconf 95' lang='lat' dir='ltr'> </span> 
     </span>
    </p>
   </div>
  </div>
 </body>
</html>
