2688 4730
225 336 535 396 acanumcolturt
551 336 727 395 PRIORUM
743 338 782 394 II.
800 337 911 394 85-89.
1039 320 1082 386 53

53 461 162 527 dinem
180 473 352 547 contraque
369 462 540 541 rationem,
561 463 668 550 ipsum
691 461 753 527 sibi
768 461 1014 548 respondentem
1031 459 1080 525 in-

53 556 204 624 feriorem
220 557 333 635 fuisse,
355 557 464 643 itaque
482 557 523 623 ab
541 578 579 624 eo
597 568 757 623 armatum
780 578 850 623 esse
869 554 1079 624 Carneadem.

54 675 93 718 ea
111 663 187 718 sunt
200 652 267 719 eius
281 653 378 730 modi,
397 674 480 738 qnae
498 677 518 719 a
534 665 567 720 te
581 652 821 740 diligentissime
838 662 974 717 macuta
991 663 1079 716 sunt:
1101 671 1127 714 aa

55 747 280 814 dormientium
297 758 329 814 et
350 749 587 814 vinulentorum
605 758 638 814 et
650 747 846 813 'firriosorum
864 747 933 813 visa
950 746 1082 813 inbecil-

54 842 135 908 liora
153 865 222 908 esse
241 841 369 908 dicebas
387 863 484 926 quam
502 842 717 930 vigilantium,
735 841 901 920 siccorum,
920 863 1080 906 sanorum.
1178 873 1180 880 ⁴

54 958 120 1021 quo
136 937 251 1002 modo?
273 936 363 1021 quia,
382 959 456 1004 cum
474 948 677 1023 experrectus
695 948 779 1004 esset
796 936 933 1015 Ennius,
951 959 1017 1002 non
1034 936 1083 1001 di·

55 1043 142 1097 ceret
165 1037 215 1098 ‘se
237 1031 354 1098 vidisse
372 1033 572 1112 Homerum,’
591 1033 648 1099 sed
666 1033 785 1098 ‘visum
808 1033 906 1099 esse?
925 1033 1080 1099 Alcmaeo

55 1136 178 1204 autem,
647 1139 649 1146 '

206 1221 264 1288 sed
280 1221 359 1287 mihi
374 1245 416 1289 ne
433 1222 579 1308 utiquam
596 1244 651 1289 cor
668 1222 825 1291 consentit
842 1271 851 1288 .
869 1270 878 1288 .
898 1269 907 1288 .

54 1316 172 1382 similia
193 1316 233 1382 de
256 1316 437 1384 vinulentis.
482 1319 575 1402 quasi
598 1317 769 1405 quisquam
791 1328 888 1406 neget
905 1328 937 1384 et
954 1317 1010 1403 qui
1028 1338 1085 1406 er·

53 1421 218 1498 perrectus
237 1411 288 1490 sit,
307 1435 381 1478 eum
395 1413 519 1479 somnia
534 1437 591 1478 aaa
604 1417 670 1479 viso
682 1426 808 1500 putare,
826 1425 869 1491 et,
886 1413 978 1478 ouius
994 1411 1084 1477 lirror

54 1506 250 1584 consederit,
276 1518 389 1594 putare
406 1529 471 1575 non
492 1507 592 1574 fuisse
609 1531 649 1574 ea
671 1531 762 1586 vera,
789 1528 872 1593 quae
895 1520 1001 1574 essent
1022 1507 1083 1572 sibi
1157 1520 1159 1526 '

53 1601 125 1666 visa
141 1600 176 1666 in
193 1600 310 1668 furore.
342 1602 399 1668 sed
415 1624 482 1668 non
498 1603 534 1668 id
550 1602 671 1691 agitur:
689 1614 772 1680 tum,
791 1625 866 1669 cum
883 1603 1083 1680 videbantur,

54 1719 120 1782 quo
143 1696 239 1762 modo
261 1697 458 1776 viderentur,
486 1697 520 1763 id
543 1699 716 1784 quaeritur.
760 1697 822 1765 nisi
845 1720 921 1764 vero
942 1697 1085 1764 Ennium

54 1814 120 1858 non
137 1803 287 1878 putamus
304 1793 350 1859 ita
368 1804 471 1859 totum
487 1793 568 1859 illud
584 1793 762 1872 audivisse,

391 1888 530 1975 opietas
548 1889 646 1954 animi
664 1937 673 1954 .
692 1936 701 1953 .
720 1936 745 1966 .,

56 1981 196 2048 simodo
213 1982 247 2048 id
265 1982 448 2060 somniavit,
466 1994 501 2048 ut
520 1983 548 2048 si
564 1984 701 2071 vigilans
719 1983 852 2050 audiret.
881 1993 1084 2070 experreotus

56 2077 143 2144 enim
163 2077 268 2164 potuit
290 2079 345 2144 illa
367 2079 436 2143 visa
456 2090 584 2165 putare,
610 2092 647 2145 ut
669 2091 775 2156 erant,
802 2080 940 2144 somnia:
968 2078 1085 2144 dormi-

56 2175 122 2240 enti
145 2195 221 2241 vero
239 2195 341 2260 aeque
358 2196 397 2240 ac
419 2174 565 2262 vigilanti
586 2175 814 2262 probabantur.
859 2175 956 2260 quid?
981 2175 1085 2240 Iliona

56 2290 169 2334 somno
186 2269 240 2334 illo

389 2373 501 2441 mater,
520 2375 551 2430 te
570 2364 697 2450 appello
714 2401 758 2414 -

56 2481 163 2524 nonne
184 2460 230 2524 ita
253 2458 386 2526 credidit
408 2458 510 2524 filium
537 2459 695 2538 locutum,
721 2469 758 2524 ut
779 2470 966 2548 experrecta
990 2460 1086 2526 etiam

57 2553 219 2621 crederet?
241 2554 327 2621 unde
345 2554 430 2620 enim
446 2555 516 2620 illa:

88 2698 117 2716 ..
136 2673 196 2737 age
210 2661 293 2717 asta:
311 2673 416 2728 mane,
431 2650 521 2716 audi:
539 2649 620 2716 itera
634 2649 712 2714 dum
725 2651 838 2718 eadem
850 2650 950 2716 istaec
962 2649 1054 2715 mihi:

56 2765 136 2811 num
145 2745 272 2812 videtur
284 2745 441 2812 minorem
454 2744 572 2812 habere
587 2745 663 2811 visis
676 2767 774 2830 quam
787 2745 955 2834 vigilantes
969 2744 1086 2811 fidem?

166 2839 256 2928 Quid
272 2841 386 2927 loquar
402 2841 443 2906 de
459 2840 599 2907 insanis?
624 2841 727 2925 qualis
745 2842 875 2908 tandem
892 2841 954 2906 fuit
972 2839 1085 2906 adfinis
1103 2828 1138 2942 ἓξ

56 2951 144 3016 tuns,
162 2934 288 3016 Catule,
306 2936 506 3003 Tuditanus?
528 2935 697 3022 quisquam
715 2936 901 3003 sanissimus
918 2946 985 3002 tam
999 2944 1086 3001 certa

56 3043 152 3121 putat
168 3055 250 3118 quae
267 3032 355 3100 videt
372 3055 471 3118 quam
487 3031 514 3098 is
531 3031 667 3119 putebat
684 3054 767 3118 quae
780 3031 990 3098 videbantur?
1008 3029 1086 3116 quid

56 3129 129 3206 ille,
147 3128 203 3214 qui

146 3272 150 3279 -
205 3224 312 3303 video,
329 3223 423 3288 video
441 3233 488 3293 te:
506 3222 593 3301 vive,
610 3220 742 3302 Ulixes,
760 3222 838 3288 dum
854 3221 943 3299 licet,

57 3340 166 3386 nonne
188 3319 284 3403 etiam
301 3319 351 3384 bis
369 3318 559 3386 exclamavit
578 3339 612 3385 se
635 3318 760 3396 videre,
783 3339 857 3384 oum
875 3315 1003 3382 omnino
1021 3337 1086 3380 non

58 3414 200 3486 rideret?
222 3414 318 3500 quid?
340 3413 426 3501 apud
444 3411 633 3501 Euripidem
650 3413 825 3490 Hercules,
848 3434 938 3490 cum,
960 3423 996 3477 ut
1017 3409 1087 3476 Eu-

57 3510 180 3597 rysthei
203 3510 298 3587 filios,
324 3510 370 3577 ita
393 3531 468 3584 suos
490 3508 671 3596 configebat
694 3508 832 3594 sagittis,
859 3529 932 3572 cum
954 3519 1087 3575 uxerem

58 3606 283 3683 interemebat‚
310 3627 385 3682 oum
402 3604 578 3675 conabatur
595 3606 691 3670 etiam
708 3618 846 3690 patrem,
873 3624 938 3668 non
954 3601 1086 3688 perinde

58 3700 249 3771 movebatur
261 3701 361 3780 falsis,
375 3700 509 3772 utteris
522 3701 723 3767 moveretur?
741 3699 837 3783 quid?
854 3698 922 3784 ipse
931 3697 1086 3764 Alamoeo

58 3811 150 3878 tuus,
177 3799 233 3884 qui
255 3810 355 3886 negat
382 3820 437 3866 cor
454 3797 515 3864 sibi
538 3819 612 3864 cum
639 3795 739 3862 oculis
765 3793 959 3872 consentire,
980 3815 1087 3860 nonne

57 3895 179 3962 ibidem
197 3894 328 3964 incitato
344 3894 467 3962 furore:

314 4037 323 4056 .
342 4038 351 4056 .
368 3989 455 4061 unde
471 3987 552 4056 haee
568 3988 698 4056 flamma
715 3985 834 4052 oritur?

58 4097 90 4154 et
109 4085 165 4152 illa
182 4085 349 4172 deinceps,

208 4181 375 4259 incedunt,
392 4180 558 4248 incedunt:
576 4179 707 4257 adsunt,
725 4199 777 4244 me
795 4185 958 4262 expetunt.
