2688 4730
111 293 354 352 FRAGMENTA
370 294 680 354 ACADEMIOORUM
696 285 979 350 POSTERJORUM.
1024 279 1064 345 81

40 442 201 507 repugn03
225 419 301 485 satis
319 419 403 486 enim
420 420 498 484 mihi
516 433 563 486 est
580 431 612 486 te
629 421 694 485 iam
711 420 792 485 bene
811 418 970 505 accepisse
989 418 1067 503 quid

42 516 161 592 dicam,
184 514 296 591 idest,
319 514 434 598 quibus
453 515 549 580 rebus
566 516 646 580 haec
663 515 793 579 nomina
809 515 975 600 inponam3
1002 536 1067 578 non

42 611 128 676 enim
145 610 374 675 vocabulorum
392 611 551 696 opificem,
576 611 634 676 sed
651 633 757 676 rerum
775 609 994 695 inquisitorem
1012 610 1067 674 de-

42 716 184 771 estesse
208 705 392 790 sapientem.
438 705 559 771 Satisne
581 706 784 781 intelleaistis,
809 727 866 791 qno
884 707 973 768 modo
990 705 1067 768 milti

43 806 161 868 ludicra
178 804 243 878 illa,
263 804 371 889 quibus
388 827 439 868 ros
458 805 622 888 apitabam,
643 806 679 868 de
692 803 833 866 manibus
847 823 970 866 ecaasa
987 798 1068 864 sint?

41 900 91 964 laic
117 922 184 964 cam
209 898 298 964 ambo
320 921 352 964 sc
377 900 558 964 intellecisse
584 901 809 985 respondissent
830 898 976 982 'vultuque
1000 897 1067 982 ipsc

40 995 265 1081 responsionem
278 995 473 1080 postularent
489 1017 595 1073 mecm,
619 993 701 1076 Quid
715 995 841 1080 putatis,
860 995 996 1077 inquam,
1019 990 1069 1056 Ci-

41 1111 187 1163 ceronem,
198 1091 281 1153 cuias
290 1089 362 1154 baec
372 1089 461 1154 cerba
469 1101 549 1165 sant,
563 1092 684 1176 inopem
691 1089 786 1172 faisse
794 1088 928 1152 Latinae
939 1087 1068 1171 linpuae,

40 1197 75 1249 nt
93 1187 193 1249 minus
211 1195 285 1271 apta
302 1185 405 1268 rebus,
424 1208 500 1271 qaas
518 1187 679 1260 sentiebat,
698 1186 823 1249 nomina
839 1178 1014 1268 inponeret?

108 1278 161 1342 34.
183 1278 386 1364 Augustinus
405 1301 432 1344 c.
451 1279 555 1344 Acad.
573 1279 637 1357 111,
656 1278 687 1355 7,
707 1277 763 1342 15:
791 1277 852 1342 Sed
868 1278 973 1363 primo
990 1277 1072 1340 illud

40 1377 196 1438 videamus
220 1375 308 1459 quale
324 1377 378 1450 sit,
401 1378 480 1440 anda
505 1386 653 1438 amatores
670 1374 920 1439 Academicorum
940 1373 1070 1456 plorimi

40 1471 172 1533 nimium
190 1469 295 1533 solent.
339 1491 413 1532 nam
431 1472 524 1534 estin
550 1468 636 1533 libris
659 1465 818 1541 Ciceronis,
838 1489 912 1552 qacs
929 1468 963 1529 in
981 1464 1069 1528 baius

42 1585 152 1628 causae
164 1565 371 1647 patrocinium
389 1566 524 1649 sempsit,
545 1563 625 1627 locas
644 1565 778 1648 quidam,
798 1572 832 1624 nt
848 1560 924 1623 mibi
941 1560 1068 1634 ridetur,

41 1660 124 1722 mira
141 1657 313 1723 urbanitate
332 1661 483 1733 conditas,
507 1670 541 1722 nt
558 1658 713 1721 nonnullis
732 1668 847 1730 autem,
866 1657 956 1719 etiam
965 1655 1069 1741 firmi-

43 1765 105 1818 tate
122 1753 290 1818 roboratas.
336 1754 460 1840 difficile
477 1765 520 1818 cst
531 1776 661 1840 prorsas
678 1764 713 1816 nt
730 1774 910 1838 quemqnam
927 1773 989 1814 non
1006 1772 1071 1812 mc-

42 1859 111 1912 ceat
130 1849 271 1933 quodibi
289 1851 401 1913 dictum
418 1861 476 1914 est:
493 1847 689 1913 Academico
708 1846 844 1932 sapienti
863 1845 904 1910 ab
922 1843 1069 1910 omnibus

44 1954 223 2009 ceterarum
244 1954 417 2022 sectarum,
441 1944 497 2030 qui
515 1944 576 2009 sibi
595 1942 753 2029 sapientes
772 1942 935 2018 videntur,
958 1962 1070 2006 secun·

45 2039 102 2102 das
121 2037 219 2123 partis
243 2038 326 2116 dari,
350 2060 423 2104 cum
440 2039 559 2125 primas
578 2039 639 2103 sibi
657 2059 817 2122 quemque
836 2036 997 2101 vindicare
1015 2057 1071 2100 ne-

45 2153 135 2199 cesse
161 2132 215 2197 sit:
241 2156 281 2198 ex
304 2155 368 2218 quo
394 2155 489 2220 posse
511 2133 719 2220 probabiliter
746 2131 858 2197 confici
885 2154 959 2197 eum
985 2140 1071 2195 recte

44 2228 185 2314 primum
203 2251 272 2294 esse
289 2228 406 2294 iudicio
425 2251 497 2308 suo,
522 2229 578 2314 qui
596 2228 737 2292 omnium
755 2238 932 2293 ceterorum
953 2225 1070 2289 iudicio

46 2324 87 2388 sit
109 2324 278 2392 secundus.
323 2324 375 2406 fac
403 2324 502 2402 enim,
530 2322 620 2388 verbi
647 2344 758 2399 causa,
788 2320 934 2388 Stoicum
959 2321 1070 2386 adesse

46 2417 236 2503 sapientem3
263 2441 338 2483 nam
366 2429 552 2484 contraeas
579 2417 780 2505 potissimum
801 2415 1071 2481 Academicorum

45 2513 164 2578 exarsit
181 2513 355 2599 ingenium.
401 2535 477 2600 ergo
497 2513 585 2579 Zeno
603 2512 655 2580 vel
675 2510 875 2598 Chrysippus
894 2511 922 2576 si
938 2510 1071 2575 interro·

44 2617 211 2694 gerentur,
235 2608 305 2693 quis
324 2608 364 2673 sit
382 2609 523 2694 sapiens,
550 2608 754 2694 respondebit
771 2630 846 2673 eum
864 2628 947 2684 esse,
976 2626 1071 2688 quem

44 2706 116 2790 ipse
140 2702 354 2787 descripserit3
383 2714 492 2768 contra
509 2703 669 2790 Epicurus
691 2704 743 2769 vel
766 2702 837 2786 quis
862 2701 941 2765 alius
960 2699 1072 2764 adver-

45 2798 204 2864 sariorum
221 2799 353 2884 negabit
375 2819 531 2884 suumque
554 2798 660 2885 potius
684 2797 910 2884 peritissimum
928 2795 1072 2880 volupta-

45 2909 118 2960 tum
145 2915 301 2980 aucupem
328 2895 505 2981 sapientem
527 2917 596 2962 esse
620 2895 799 2961 contendet
843 2893 918 2958 inde
941 2893 982 2957 ad
1007 2892 1072 2956 iur-

44 2992 152 3077 gium:
186 2990 301 3055 clamat
326 2989 415 3055 Zeno
447 3001 478 3056 et
509 3000 576 3055 tota
601 2989 656 3055 illa
682 2989 823 3076 porticus
849 2988 1071 3064 tumultuatur,

43 3082 209 3149 hominem
226 3093 337 3150 natum
351 3084 392 3149 ad
408 3083 487 3149 nihil
505 3084 675 3150 aliudesse
690 3106 788 3168 quam
800 3086 844 3148 ad
857 3082 1072 3157 honestatem3

43 3180 151 3265 ipsam
168 3199 227 3242 suo
244 3178 411 3263 splendore
430 3179 472 3244 ad
494 3202 530 3244 se
547 3179 670 3244 animos
689 3179 819 3254 ducere,
837 3177 924 3242 nullo
942 3198 1071 3262 prorsus

44 3272 215 3338 commodo
237 3273 433 3339 extrinsecus
460 3273 564 3360 posito
592 3283 624 3339 et
649 3273 742 3358 quasi
767 3272 967 3338 lenocinante
989 3293 1073 3335 mer·

45 3366 141 3444 cede3
160 3367 421 3452 voluptatemque
438 3367 527 3433 illam
544 3367 678 3454 Epicuri
702 3368 777 3433 solis
798 3368 880 3431 inter
899 3388 933 3431 se
950 3365 1072 3451 pecori-

44 3465 109 3527 bus
128 3483 196 3527 esse
214 3483 429 3542 communem,
454 3464 488 3528 in
506 3485 641 3548 quorum
658 3465 841 3529 societatem
859 3471 891 3527 et
911 3460 1074 3526 hominem

46 3570 81 3623 et
104 3556 279 3642 sapientem
302 3558 429 3624 trudere
451 3559 540 3624 nefas
559 3582 638 3625 esse.
684 3570 795 3624 contra
819 3558 873 3622 ille
901 3568 1074 3622 convocata

46 3655 90 3718 dc
111 3652 246 3718 hortulis
263 3653 297 3718 in
314 3654 468 3719 auxilium
485 3655 577 3738 quasi
590 3654 689 3719 Liber
707 3652 801 3718 turba
818 3653 1073 3732 temulentorum,

46 3747 270 3834 quaerentium
287 3758 409 3827 tamen,
433 3770 529 3834 quern
544 3749 712 3834 incomptis
735 3747 898 3834 unguibus
917 3746 1073 3812 bacchan-

46 3853 96 3909 tes
114 3865 292 3928 asperoque
309 3865 364 3909 are
382 3844 577 3930 discerpant,
595 3842 767 3928 voluptatis
784 3863 915 3920 nomen,
934 3842 1073 3908 suavita-

45 3951 130 4014 tem,
157 3937 297 4024 quietem
314 3947 395 4003 teste
411 3939 531 4025 populo
550 3960 747 4025 exaggerans
769 3937 866 4001 instat
884 3936 1010 4012 acriter,
1036 3945 1073 4000 ut

45 4032 111 4098 nisi
136 4054 175 4096 ea
199 4032 313 4098 beatus
339 4055 433 4098 nemo
460 4056 529 4099 esse
555 4054 649 4120 posse
675 4032 829 4098 videatur.
876 4032 911 4097 in
937 4053 1073 4116 quorum

46 4128 152 4194 rixam
165 4126 192 4192 si
200 4127 414 4195 Academicus
431 4129 607 4207 incurrerit,
625 4138 777 4212 utrosque
795 4127 903 4194 audiet
919 4125 1071 4194 trahentis

101 4227 210 4273 Ciceronis
217 4230 259 4274 eal.
270 4229 302 4276 Vl.
876 4227 893 4282 6
