2688 4730
257 333 566 392 ACADEMICORUM
582 331 758 392 PRIORUM
775 333 813 389 Π.
829 334 941 390 80-84.
1069 319 1111 386 51

82 461 171 526 xime
193 459 366 538 inveneris,
393 459 480 544 qnod
501 458 588 524 haud
611 458 676 524 scio
694 480 736 523 an
758 480 822 524 non
845 458 963 544 possis,
989 481 1054 525 non
1075 469 1112 525 tu

83 577 198 621 verum
223 565 337 622 testem
362 554 495 631 habere,
522 554 579 619 sed
600 574 674 620 eum
697 575 762 619 non
785 553 853 619 sine
876 576 973 620 causa
994 554 1111 619 falsum

82 649 299 717 testimonium
326 649 430 716 dicere
457 648 641 714 ostenderis.
686 652 740 714 sed
760 647 838 732 quid
864 670 926 736 ego
949 649 989 714 de
1011 648 1112 716 nave?
1128 647 1163 702 26

81 746 151 811 vidi
169 746 253 812 enim
271 767 291 810 a
307 756 339 810 ts
356 767 479 811 remum
494 744 663 810 contemni.
686 743 810 808 maiora
824 743 959 810 fortasse
973 743 1110 828 quaeris.
1134 721 1159 760 ⁸2

24 845 27 894 ἑ
81 841 162 926 quid
179 851 283 927 potest
301 862 370 906 esse
388 839 455 905 sole
472 839 596 904 maius?
622 857 718 924 quem
740 837 957 906 mathematici
975 839 1111 924 amplius

82 934 305 1022 duodeviginti
323 933 466 1020 partibus
482 933 670 999 confirmant
682 932 836 1000 maiorem
849 956 919 999 esse
934 955 1031 1018 quam
1048 944 1111 998 ter·

81 1052 163 1095 ram.
207 1031 379 1114 quantulus
401 1027 493 1093 nobis
515 1026 656 1093 videturl
683 1026 762 1092 mihi
784 1027 914 1113 quidem
937 1026 1029 1111 quasi
1054 1049 1111 1114 per

82 1123 176 1190 dalis.
221 1123 381 1210 Epicurus
399 1133 507 1189 autem
529 1145 623 1208 posse
644 1133 736 1209 putat
754 1122 851 1190 etiam
868 1123 1023 1189 minorem
1042 1145 1111 1190 esse

82 1243 160 1284 eum
178 1239 275 1304 qnam
292 1219 447 1294 videatur,
465 1217 605 1284 sednon
622 1218 738 1297 multo;
756 1241 796 1283 ne
813 1217 966 1286 maiorem
981 1218 1111 1301 quidem

80 1315 186 1379 multo
203 1325 296 1399 putat
314 1335 383 1380 esse
405 1313 456 1378 vel
478 1323 603 1378 tantum
621 1336 706 1391 esse,
732 1324 870 1398 quantus
887 1313 1048 1380 videatur:
1075 1323 1111 1378 ut

81 1409 168 1474 oculi
191 1420 246 1475 aut
267 1408 346 1474 nihil
367 1407 562 1474 mentiantur
584 1419 726 1474 autnon
748 1407 884 1474 multum
905 1407 1109 1475 mentiantur.

80 1504 139 1568 ubi
156 1504 255 1590 igitur
270 1503 350 1568 illud
367 1513 416 1569 ast
433 1502 551 1568 semel?
571 1502 630 1569 sed
647 1503 689 1568 ab
707 1501 767 1568 hoc
785 1503 924 1580 credulo,
942 1503 999 1588 qui
1016 1527 1110 1570 num-

81 1620 182 1683 quam
199 1619 311 1664 sensus
334 1597 459 1663 mentiri
481 1608 589 1683 putat,
615 1597 832 1664 discedamus:
861 1598 939 1683 quin
961 1622 1002 1665 ne
1024 1622 1110 1667 nunc

81 1693 227 1778 quidem,
255 1715 328 1758 cunr
353 1693 407 1758 ille
433 1693 497 1770 sol,
527 1692 584 1777 qui
609 1702 699 1758 tanta
723 1692 907 1759 incitatione
933 1693 1048 1773 fertur,
1074 1706 1110 1761 ut

80 1788 226 1854 celeritas
245 1787 313 1853 eius
328 1797 449 1872 quanta
463 1788 505 1854 sit
521 1810 562 1853 ne
580 1787 713 1874 cogitari
727 1787 857 1872 quidem
873 1789 984 1874 possit,
1002 1801 1110 1856 tamen

79 1884 176 1950 nobis
193 1894 276 1949 stare
294 1882 452 1949 videaturl
476 1883 549 1961 sed,
566 1894 603 1948 ut
620 1882 763 1950 minuam
781 1885 1043 1964 controversiam,
1061 1886 1110 1951 vi·
1131 1901 1156 1942 ⁸³

81 1981 166 2055 dete,
183 2000 312 2063 quaeso,
330 1999 428 2062 quam
444 1977 478 2043 in
494 2000 595 2064 parvo
611 1978 651 2044 lis
668 1978 719 2044 sit.
742 1989 892 2064 quattuor
906 1991 980 2045 sunt
995 1982 1109 2066 capita,

82 2095 167 2159 quae
184 2073 376 2140 concludant
392 2072 471 2138 nihil
490 2095 574 2151 esse,
592 2073 679 2158 quod
695 2073 799 2153 nosci,
816 2073 952 2161 percipi,
976 2096 1108 2162 conpre-

81 2168 179 2234 hendi
195 2167 305 2254 possit,
323 2168 363 2233 de
381 2189 444 2251 qno
462 2166 542 2235 haec
559 2178 627 2233 tota
640 2168 784 2253 quaestio
798 2183 860 2246 est3
879 2169 1027 2253 equibus
1045 2172 1109 2257 pri·

80 2287 171 2330 mum
189 2274 319 2331 estesse
338 2263 467 2348 aliquod
479 2263 583 2330 visum
597 2262 725 2341 falsum,
742 2264 919 2330 secundum
936 2286 1002 2331 non
1014 2286 1108 2351 posse

81 2360 116 2424 id
138 2360 272 2446 percipi,
299 2360 443 2438 tertium,
469 2359 553 2426 inter
574 2380 657 2443 quae
680 2358 750 2424 visa
775 2359 854 2424 nihil
875 2359 1013 2438 intersit,
1040 2360 1109 2426 fieri

81 2477 148 2520 non
164 2477 258 2540 posse
276 2465 312 2519 ut
326 2476 436 2520 eorum
449 2453 512 2520 aha
527 2452 650 2540 percipi
666 2453 799 2540 possint,
818 2453 881 2520 alia
893 2474 959 2520 non
975 2455 1107 2541 possint,

84 2562 233 2636 quartum
254 2550 378 2615 nullum
400 2572 471 2616 esse
493 2549 597 2616 visum
623 2571 736 2615 verum
758 2572 778 2614 a
798 2571 894 2614 sensu
920 2548 1109 2636 profectum,

83 2647 137 2712 cui
153 2668 218 2712 non
236 2645 418 2732 adpositum
435 2645 477 2711 sit
492 2645 598 2710 visum
615 2645 718 2722 aliud,
740 2643 828 2729 quod
845 2643 887 2709 ab
905 2666 943 2710 eo
965 2645 1044 2710 nihil
1060 2645 1110 2709 in·-

84 2742 174 2807 tersit
190 2741 339 2826 quodque
361 2741 482 2827 percipi
499 2763 564 2806 non
581 2741 694 2827 possit:
718 2739 833 2806 horum
855 2751 1005 2824 quattuor
1021 2742 1110 2828 capi·

83 2849 152 2902 tum
180 2836 355 2902 secundum
385 2847 418 2901 et
442 2836 570 2902 tertium
602 2858 711 2902 omnes
743 2835 936 2914 concedunt;
971 2835 1109 2922 primum

83 2931 244 3016 Epicurus
265 2952 330 2996 non
354 2931 423 3008 dat3
448 2952 523 3009 ros,
550 2930 741 3015 quibuscum
761 2953 813 2997 res
835 2941 897 3007 est,
923 2931 958 2996 id
979 2953 1108 3016 quoque

83 3025 275 3092 conceditist
295 3026 397 3090 omnis
424 3047 534 3112 pugna
560 3026 600 3092 de
627 3037 740 3110 quarto
764 3035 822 3092 est.
870 3025 927 3111 qui
948 3026 1047 3112 igitur
1067 3027 1107 3092 P.
1130 3037 1156 3080 Μ

84 3120 255 3187 Servilium
274 3118 448 3186 Geminum
469 3119 613 3196 ridebat,
636 3121 663 3185 si
682 3118 840 3203 Quintum
862 3143 897 3186 se
919 3121 1027 3188 videre
1048 3143 1109 3207 pu-

83 3214 186 3292 tabat,
208 3213 368 3280 incidebat
388 3214 422 3279 in
443 3216 511 3280 eius
532 3214 619 3280 modi
645 3215 765 3293 visum,
793 3215 880 3298 quod
900 3215 1022 3302 percipi
1043 3238 1109 3283 non

82 3319 200 3396 posset,
218 3309 293 3393 quia
305 3307 394 3374 nulla
407 3320 610 3376 notaveram
623 3309 880 3396 distinguebatur
891 3333 912 3375 a
929 3310 1026 3389 falam
1044 3333 1109 3396 qua

84 3403 285 3469 distinctione
308 3404 434 3469 sublata
456 3425 554 3487 quam
576 3403 709 3470 haberet
730 3404 764 3469 in
782 3401 821 3470 C.
841 3403 954 3482 Cotta,
980 3407 1036 3491 qui
1058 3405 1108 3470 bis

83 3519 158 3565 cum
177 3496 315 3565 Gemino
339 3499 450 3564 consul
471 3499 546 3577 fuit,
569 3500 772 3586 agnoscendo
790 3500 858 3566 eins
880 3501 968 3568 modi
988 3512 1108 3579 notam,

83 3615 167 3680 quae
184 3594 266 3659 falsa
283 3615 353 3660 esse
369 3615 434 3659 non
450 3595 577 3679 posset?
603 3617 702 3681 neges
725 3605 848 3661 tantam
871 3595 1108 3662 similitudinem

82 3691 116 3754 in
133 3711 241 3754 rerum
258 3700 372 3755 natura
389 3711 468 3754 esse.
512 3712 637 3776 pugnas
655 3689 800 3766 omnino,
824 3690 882 3756 sed
904 3713 978 3755 cum
995 3691 1109 3757 adver-

82 3785 167 3850 sario
184 3783 280 3849 facili.
322 3805 364 3850 ne
382 3782 423 3849 sit
439 3806 530 3850 saner
548 3784 650 3850 videri
663 3793 749 3850 certe
766 3795 886 3871 potest:
905 3785 994 3850 fallet
1010 3785 1108 3872 igitur

82 3901 228 3954 sensum,
251 3888 283 3944 et
300 3878 328 3943 si
344 3899 410 3944 una
426 3877 575 3944 fefellerit
591 3877 778 3957 similitudo,
796 3877 895 3944 dubia
912 3880 1019 3944 omnia
1035 3880 1108 3945 red-

82 3972 208 4038 diderit.
229 4013 232 4020 ι
253 3972 378 4038 sublato
402 3973 488 4039 enim
504 3972 623 4038 iudicio
639 3973 710 4050 illo,
736 3993 800 4057 quo
819 3984 944 4058 oportet
965 3973 1107 4062 agnosci,

81 4068 181 4136 etiam
198 4068 225 4134 si
242 4069 311 4154 ipss
329 4068 397 4145 erit,
415 4088 512 4153 quem
524 4067 651 4146 videris,
669 4067 725 4153 qui
742 4067 800 4132 tibi
813 4066 982 4148 ridebitur,
1000 4079 1107 4136 tamen

80 4185 149 4230 non
166 4185 205 4230 ea
220 4173 298 4230 nota
313 4161 483 4242 iudicabis,
510 4184 576 4248 qua
592 4160 671 4230 diois
689 4173 849 4250 oportere,
870 4173 908 4228 ut
925 4183 990 4230 non
1006 4163 1106 4250 possit

901 4264 937 4320 40
