2688 4730
295 359 337 430 46
604 371 1015 432 humanarumue

243 503 277 559 21
261 523 393 618 quam
415 499 531 564 habeat
519 497 619 564 tvim
642 499 815 566 considera.
861 498 888 562 si
910 497 967 563 ulli
988 497 1035 563 rei
1056 499 1183 584 sapiens
1208 501 1311 565 adsen-

248 578 352 660 671111
352 617 391 658 ur
412 615 580 678 umquam,
608 593 778 676 ahquando
803 593 899 658 1111111
921 592 1115 677 opinabitur3
1142 617 1310 678 numquam

296 700 403 755 autem
421 689 615 776 opinabitur:
633 688 739 754 nulli
730 689 828 774 igitur
844 711 890 754 re1
880 687 1064 753 adsent't
1008 698 1064 754 ttre
1065 711 1112 752 ur.
1144 688 1231 755 hanc
1249 712 1310 755 con·

296 784 470 850 elusionem
487 783 649 849 Arcesilas
671 783 842 869 probabat3
815 783 1073 848 tconfirmabat
1095 783 1178 849 enim
1201 794 1238 851 et
1259 785 1312 870 pri·

295 901 384 943 mum
397 889 429 944 et
442 879 631 956 secundum3
651 875 834 943 Carneades
848 899 914 942 non
925 900 1101 963 numquam
1111 876 1310 965 [secundum]

294 973 374 1037 illud
401 972 513 1050 dabat,
541 973 691 1038 adsentiri
718 972 903 1057 aliquando:
933 973 1199 1056 itasequebatur
1227 975 1311 1040 etian

296 1067 432 1153 opinari3
456 1069 543 1153 quod
565 1078 601 1132 tu
618 1091 683 1133 non
700 1069 748 1133 vis
767 1078 799 1134 11
815 1078 916 1146 recte,
939 1078 977 1133 ut
993 1067 1071 1133 milti
1092 1069 1220 1134 videris.
1267 1069 1311 1134 sed

295 1162 375 1227 illud
392 1161 541 1248 primurn,
559 1163 750 1249 sapientem,
769 1163 796 1228 si
814 1163 1005 1228 adsensurus
1024 1174 1121 1241 esset,
1139 1163 1239 1230 etiam
1256 1164 1312 1250 opi-

295 1266 455 1334 naturum,
473 1256 591 1322 falsum
609 1281 678 1323 esse
697 1255 797 1324 Stoici
813 1257 924 1322 dicunt
942 1269 973 1322 11
988 1280 1098 1323 eorum
1112 1258 1311 1344 adstipulator

294 1351 489 1429 Antiochum
515 1374 609 1438 posse
636 1352 720 1418 enim
747 1374 820 1417 eum
846 1351 927 1417 falsa
949 1375 969 1416 a
993 1353 1076 1418 veris
1099 1364 1131 1419 et
1151 1374 1238 1438 quae
1259 1374 1312 1417 non

248 1470 273 1510 ca
295 1446 418 1532 possint
439 1447 560 1532 percipi
582 1446 623 1512 ab
645 1447 699 1524 iis,
722 1468 804 1531 quae
821 1447 957 1533 possint,
979 1447 1183 1534 distinguere.
1230 1447 1311 1513 nobis

295 1552 403 1607 autem
420 1541 573 1627 primum,
597 1541 693 1607 etiam
712 1542 739 1606 si
762 1541 839 1625 quid
856 1542 977 1628 percipi
993 1543 1107 1629 possit,
1125 1554 1236 1608 tamen
1253 1544 1312 1630 ipsa

296 1636 492 1702 consuetudo
510 1636 708 1702 adsentiendi
724 1635 902 1723 periculosa
915 1659 984 1702 esse
999 1635 1125 1706 videtur
1139 1648 1172 1703 et
1187 1637 1311 1704 lubrica

296 1754 392 1820 quam
415 1733 456 1802 ob
482 1755 550 1798 rem
577 1755 649 1798 curn
672 1743 739 1799 tarn
761 1731 910 1799 vitiosum
932 1755 1001 1799 esse
1024 1744 1147 1799 constet
1169 1733 1312 1800 adsentiri

296 1827 468 1912 quicquam
485 1840 541 1894 aut
557 1827 674 1893 falsum
693 1839 748 1893 aut
765 1829 978 1915 incognitum,
997 1828 1182 1894 sustinenda
1199 1840 1251 1894 est
1266 1851 1313 1914 po

296 1922 359 1987 tius
374 1923 476 1988 omnis
492 1922 649 1999 adsensio,
667 1945 708 1987 ne
725 1922 922 2008 praecipitet,
940 1923 967 1988 si
984 1934 1104 1990 temere
1120 1924 1311 2009 processerit.

291 2017 340 2082 'ita
357 2018 442 2084 enim
458 2017 592 2083 finitima
605 2028 679 2083 sunt
695 2017 777 2083 falsa
790 2019 873 2084 veris
887 2040 998 2103 eaque,
1015 2039 1098 2103 quae
1115 2019 1241 2106 percipi
1257 2041 1312 2083 non

295 2123 443 2198 possunt,
461 2115 515 2188 iia,
535 2124 813 2200 9111111111-
831 2114 858 2178 si
874 2114 969 2179 modo
988 2136 1028 2181 ea
1049 2125 1124 2178 sunt
1145 2115 1312 2198 quaedam3

295 2208 360 2272 iarn
386 2207 471 2272 enim
497 2207 676 2273 videbimus
693 2244 750 2285 -,
776 2215 904 2273 uttam
924 2208 958 2274 in
980 2209 1187 2295 praecipitem
1214 2210 1313 2274 locum

295 2323 360 2366 non
386 2302 500 2368 debeat
527 2326 561 2370 se
588 2303 713 2390 sapiens
740 2303 945 2370 committere.
988 2303 1167 2370 sinautem
1190 2305 1313 2369 omnino

295 2395 374 2461 nihil
391 2419 475 2474 esse,
499 2399 586 2482 quod
603 2397 724 2486 percipi
740 2398 855 2484 possit,
878 2422 898 2463 a
914 2421 966 2465 me
984 2420 1147 2485 sumpsero
1166 2409 1208 2476 et,
1235 2397 1314 2484 quod

296 2501 332 2557 tu
349 2489 428 2555 mihi
445 2491 518 2569 das,
536 2514 704 2578 accepero,
723 2492 898 2577 sapientem
914 2492 994 2556 nihil
1012 2494 1150 2579 opinari,
1169 2493 1313 2560 effectum

295 2584 375 2648 illud
393 2585 465 2662 erit,
488 2587 663 2672 sapientem
680 2586 833 2651 adsensus
852 2587 954 2651 omnis
972 2585 1201 2665 cohibiturum,
1220 2598 1257 2652 ut
1274 2586 1315 2651 vi·

296 2679 436 2745 dendum
455 2679 512 2744 tibi
530 2681 584 2757 sit,
611 2680 684 2744 idne
707 2680 798 2746 malis
821 2704 862 2746 an
885 2682 1005 2766 aliquid
1027 2684 1233 2768 opinaturum
1251 2703 1313 2748 esse

296 2774 480 2859 sapientem.
524 2785 601 2840 neut
601 2797 687 2853 rum,
706 2776 844 2860 inquies,
867 2776 1003 2842 illomm.
1047 2777 1188 2842 nitamur
1211 2778 1313 2865 igitur,

294 2867 372 2934 nihil
390 2891 484 2954 posse
501 2869 637 2954 percipi3
655 2870 772 2936 etenim
790 2871 830 2937 de
848 2893 886 2938 eo
905 2872 1006 2937 omnis
1027 2883 1075 2939 est
1092 2875 1313 2940 controversia.

243 2961 278 3016 22
425 2959 491 3028 Sed
517 2962 605 3049 prius
631 2985 736 3049 pauca
758 2986 831 3029 curn
853 2965 1031 3044 Antiocho,
1058 2966 1113 3051 qui
1134 2967 1314 3055 haeorpsa,

248 3035 378 3141 6”quae
400 3080 420 3121 a
440 3080 492 3124 mc
515 3057 691 3124 defendunt
678 3069 743 3135 tur,
770 3069 802 3124 et
826 3060 935 3126 didicit
958 3062 1043 3147 apud
1060 3061 1232 3128 Philonem
1255 3075 1314 3128 tam

296 3150 367 3229 diu,
392 3160 429 3217 ut
451 3163 609 3220 constaret
632 3152 750 3218 diutius
773 3153 920 3220 didicisse
941 3157 1116 3234 neminem,
1143 3167 1177 3222 et
1195 3158 1315 3244 scripsit

296 3246 336 3310 de
353 3245 402 3312 his
419 3246 514 3313 rebus
537 3247 735 3326 acutissime3
759 3259 791 3314 et
811 3248 897 3314 idem
914 3249 993 3317 haec
1014 3273 1079 3316 non
1097 3251 1203 3317 aerius
1226 3275 1315 3318 accu-

296 3340 376 3404 savit
393 3341 427 3405 in
449 3353 612 3408 senectute
635 3363 731 3426 quam
755 3352 848 3408 antea
870 3343 1126 3411 defensitaverat.
1171 3347 1315 3430 quamvis

292 3435 392 3521 igitur
413 3435 509 3502 fuerit
531 3447 659 3516 acutus,
686 3447 723 3502 ut
739 3435 815 3514 fuit,
842 3449 949 3504 tamen
966 3439 1178 3505 inconstantia
1195 3439 1316 3506 levatur

294 3531 480 3610 auctoritem
502 3532 572 3616 quis
591 3534 675 3598 enim
692 3532 752 3599 ists
770 3532 838 3599 dies
854 3534 1017 3612 inluxerit,
1042 3556 1176 3618 quaero,
1200 3536 1260 3619 qui
1277 3534 1316 3600 illi

294 3626 466 3692 ostenderit
492 3650 578 3705 eam,
610 3648 707 3711 quam
733 3628 850 3693 multos
877 3651 976 3694 annos
1004 3652 1073 3695 esse
1098 3629 1317 3715 negitavisset,

293 3723 361 3789 veri
387 3734 419 3789 et
444 3724 517 3790 falsi
544 3734 662 3791 notam.
707 3725 901 3811 excogitavit
927 3727 1068 3811 aliquid?
1103 3726 1217 3792 eadem
1246 3727 1318 3792 dicit

293 3838 377 3903 quae
400 3817 510 3884 Stoici.
558 3820 713 3907 paenituit
734 3820 788 3886 illa
811 3821 967 3887 sensisse?
993 3842 1052 3886 cur
1071 3843 1135 3885 non
1158 3844 1194 3886 se
1216 3832 1319 3886 trans·

293 3913 366 3978 tulit
392 3913 434 3978 ad
460 3915 538 3979 alios
562 3927 593 3980 et
615 3914 753 3981 maxime
776 3915 817 3980 ad
840 3913 986 3982 Stoicos?
1012 3937 1122 3982 eornm
1144 3915 1232 3981 onim
1256 3927 1319 3982 erat

292 4007 422 4093 propria
437 4007 499 4073 ista
516 4008 681 4074 dissensio.
717 4007 814 4093 quid?
830 4031 904 4074 eum
912 4007 1098 4076 Mnesarchi
1115 4009 1319 4096 paenitebat?

295 4100 392 4182 quid?
408 4100 574 4167 Dardani?
596 4103 652 4186 qui
669 4115 759 4168 erant
776 4103 912 4170 Athenis
931 4115 1000 4169 tum
1016 4105 1175 4192 principes
1194 4103 1321 4171 Stoico-

294 4215 375 4258 rum.
419 4217 595 4280 numquam
618 4220 638 4261 1
654 4196 789 4264 Philone
812 4198 970 4277 discessit,
996 4199 1057 4265 nisi
1083 4212 1195 4285 postea
1221 4222 1321 4283 quam
