2688 4730
284 325 328 394 44
589 341 627 396 Μ.
646 337 784 398 TULLII
801 338 1002 398 CICERONIS

284 465 326 532 ad
344 464 574 554 dispiciendum
597 465 806 549 reliquerunt3
830 486 910 549 quos
933 465 960 532 si
978 485 1163 550 sequamur,
1183 466 1223 532 iis
1245 467 1306 532 vin·

284 561 341 626 clis
356 561 454 626 simus
468 558 597 636 astricti,
616 570 652 624 ut
664 581 723 625 nos
737 581 936 626 commovere
949 581 1155 645 nequeamus.
1183 561 1308 626 sublata

284 657 369 722 enim
386 655 575 722 adsensione
589 677 717 720 omnem
731 666 763 721 et
779 665 902 721 motum
916 655 1093 722 animorum
1107 665 1140 722 et
1152 657 1307 722 actionem
1332 659 1333 712 ἓ

282 774 389 818 rerum
411 751 608 816 sustulerunt
614 774 623 828 3
647 750 735 835 quod
751 772 817 816 non
839 751 935 815 modo
952 762 1038 817 recte
1059 750 1144 830 fieri,
1167 751 1226 817 sed
1245 774 1307 816 om-

282 846 357 912 nino
374 845 444 911 fieri
460 866 525 911 non
546 856 660 932 potest.
704 845 836 933 provide
863 844 959 912 etiam
984 868 1026 912 ne
1052 846 1108 911 uni
1135 846 1193 912 tibi
1213 847 1307 913 istam

283 940 472 1008 sententiam
489 940 619 1006 minime
636 940 731 1005 liceat
749 940 933 1007 defendere:
961 961 1002 1006 an
1019 950 1069 1018 tu,
1096 961 1170 1006 cum
1186 963 1239 1006 res
1259 963 1307 1006 oc·

283 1035 473 1101 cultissimas
505 1035 668 1120 aperueris
697 1035 732 1099 in
757 1034 926 1120 lucemque
952 1036 1120 1122 protuleris
1146 1035 1307 1121 iratusque

283 1129 399 1196 dixeris
414 1151 452 1196 ea
469 1139 501 1196 te
516 1129 695 1215 conperisse
707 1166 751 1176 —
765 1130 852 1215 quod
870 1129 947 1195 mihi
965 1150 1093 1216 quoque
1109 1129 1238 1208 licebat,
1257 1132 1307 1215 qui

283 1248 323 1291 ex
341 1235 371 1290 te
389 1223 444 1289 illa
462 1246 674 1312 cognoveram
690 1261 748 1302 -,
767 1224 899 1312 negabis
918 1247 987 1291 esse
1004 1247 1073 1291 rem
1090 1225 1201 1302 ullam,
1227 1246 1306 1310 quae

282 1319 442 1406 cognosci,
457 1319 681 1406 conprehendi,
695 1320 817 1407 percipi
831 1319 950 1409 possit?
968 1320 1052 1398 vide,
1067 1343 1195 1405 quaeso,
1212 1321 1307 1388 etiam

282 1425 377 1499 atque
396 1415 492 1480 etiam
509 1439 550 1480 ne
567 1416 693 1480 illarum
712 1437 839 1501 quoque
862 1437 969 1482 rerum
986 1415 1274 1503 pulcherrimamm
1292 1441 1308 1480 a

281 1509 409 1595 teipso
435 1510 597 1576 minuatur
623 1509 815 1576 auctoritas!
868 1531 1051 1595 quaecum
1082 1509 1214 1576 dixisset
1247 1512 1306 1588 ille,

235 1629 260 1671 aa
282 1603 379 1670 finem
396 1603 481 1670 fecit
593 1605 786 1684 Hortensius
804 1614 911 1671 autam
928 1604 1131 1671 vehementer
1148 1605 1307 1672 admirans

281 1699 430 1784 -quod
451 1699 580 1784 quidem
602 1711 757 1787 perpetuo
779 1701 918 1766 Lucullo
940 1699 1091 1784 loquente
1112 1700 1249 1779 fecerat,
1275 1715 1308 1766 ut

281 1793 379 1862 etiam
402 1818 516 1860 manus
536 1818 631 1882 saepe
649 1796 788 1874 tolleret3
810 1817 871 1861 nec
888 1795 1018 1860 mirum:
1041 1818 1116 1860 nam
1132 1815 1307 1881 numquam

282 1890 418 1957 arbitror
436 1901 545 1955 contra
562 1890 773 1956 Academiam
795 1890 916 1956 dictum
937 1912 1008 1958 esse
1031 1890 1177 1956 subtilius
1194 1928 1242 1939 -
1257 1915 1307 1958 me

280 2005 424 2069 quoque,
446 1985 597 2050 iocansne
620 2008 662 2050 an
683 1986 728 2050 ita
750 1986 951 2052 sentiens-
967 2007 1031 2050 non
1055 1986 1139 2051 enim
1161 1986 1239 2052 satis
1260 1986 1308 2051 in·

281 2079 472 2166 tellegebam
496 2115 556 2155 -,
582 2079 687 2165 coepit
717 2078 836 2146 hortari
861 2091 898 2145 ut
929 2080 1086 2146 sententia
1111 2081 1306 2147 desisterem.

409 2173 495 2239 Turn
517 2173 595 2239 mihi
620 2171 756 2241 Catulus
779 2176 823 2240 ‘si
844 2173 892 2240 te'
913 2173 1017 2259 inquit
1040 2175 1184 2240 ‘Luculli
1207 2177 1308 2242 oratio

280 2269 379 2347 flexit,
397 2291 480 2354 quae
494 2280 543 2336 est
555 2270 665 2336 habita
679 2271 870 2347 memoriter,
888 2280 1045 2348 scemate,
1059 2269 1197 2357 copiose,
1217 2283 1306 2337 taceo

281 2386 386 2448 neque
404 2376 436 2430 te
454 2386 518 2449 quo
535 2365 656 2444 minus,
675 2368 702 2431 si
719 2366 778 2431 tibi
794 2366 840 2431 ita
856 2364 1012 2443 videatur,
1031 2365 1221 2431 sententiam
1238 2389 1308 2431 mu-

279 2469 327 2524 tes
347 2458 569 2525 deterrendum
586 2471 679 2546 puto:
702 2461 782 2526 illud
799 2482 874 2526 vero
891 2481 957 2525 non
974 2461 1167 2536 censuerim,
1184 2471 1222 2525 ut
1239 2462 1306 2526 eius

282 2555 468 2623 auctoritate
482 2577 630 2622 moveare
635 2581 644 2634 3
663 2567 787 2621 tantum
802 2555 888 2621 enim
901 2567 933 2621 te
945 2555 1041 2621 modo
1051 2553 1193 2632 monuit’
1203 2555 1308 2640 inquit

280 2649 427 2716 adridens
445 2655 496 2715 ‘ut
511 2672 640 2715 caveres
655 2672 696 2716 ne
705 2651 776 2736 quis
783 2651 936 2738 inprobus
945 2649 1092 2714 tribunus
1106 2649 1160 2736 pl,
1170 2671 1307 2734 quorum

279 2743 369 2809 vides
393 2755 513 2829 quanta
535 2744 626 2830 copia
647 2766 774 2830 semper
790 2745 899 2810 futura
916 2745 971 2820 sit,
994 2743 1146 2830 arriperet
1168 2754 1201 2810 te
1220 2755 1253 2809 et
1275 2745 1308 2808 in

280 2839 426 2904 contione
444 2849 619 2922 quaereret,
638 2839 693 2922 qui
711 2839 770 2904 tibi
788 2850 959 2916 constares,
978 2838 1154 2904 cumidem
1170 2861 1307 2926 negares

279 2933 452 3018 quicquam
466 2933 544 2997 certi
556 2954 649 3018 posse
664 2933 804 3019 reperiri,
817 2933 904 2999 idem
916 2943 948 2999 te
963 2932 1144 3019 conperisse
1161 2932 1307 2999 dixisses.

278 3026 355 3104 hoc,
381 3048 517 3110 quaeso,
544 3049 621 3093 cave
643 3051 685 3094 ne
708 3039 739 3095 te
762 3038 888 3095 terreat
932 3028 973 3094 de
990 3048 1088 3093 causa
1105 3038 1214 3093 autem
1236 3028 1307 3114 ipsa

278 3122 387 3187 malim
414 3122 544 3206 quidem
571 3135 603 3189 te
626 3124 667 3189 ab
694 3123 756 3190 hoc
783 3124 964 3204 dissentire3
982 3119 1040 3190 ¹sin
1067 3124 1215 3202 cesseris,
1242 3147 1307 3190 non

278 3240 396 3306 magno
415 3240 510 3305 opere
527 3219 676 3284 mirabor.
721 3219 850 3286 memini
872 3218 956 3286 enim
973 3218 1172 3285 Antiochum
1188 3219 1307 3306 ipsum,

280 3336 354 3379 oum
379 3336 479 3379 annos
506 3314 622 3380 multos
648 3314 712 3380 alia
738 3316 901 3393 sensisset,
933 3315 1027 3381 simul
1053 3337 1091 3380 ac
1116 3315 1222 3380 visum
1249 3329 1307 3391 est,

279 3409 436 3475 sententia
463 3407 642 3476 destitisse’
695 3409 775 3476 haec
808 3432 882 3476 cum
912 3410 1045 3477 dixisset
1071 3405 1224 3488 Catulus,
1257 3433 1307 3475 me

278 3526 388 3570 omnes
406 3504 531 3570 intueri.

226 3589 262 3704 {f
342 3599 428 3664 Tum
446 3621 507 3687 ego
525 3622 589 3665 non
606 3600 711 3666 minus
729 3611 916 3680 commotus,
934 3623 1032 3686 quam
1049 3601 1136 3666 soleo
1153 3598 1308 3665 incensis

278 3694 464 3772 maioribus,
491 3694 586 3761 huius
612 3696 699 3761 modi
725 3697 864 3780 quadam
890 3697 1031 3762 oratione
1057 3717 1127 3760 sum
1156 3716 1307 3760 exorsus:

278 3791 355 3867 ‘me,
374 3785 499 3866 Catule,
518 3790 619 3856 oratio
633 3791 763 3856 Luculli
781 3791 820 3857 de
837 3791 908 3877 ipsa
923 3813 959 3857 re
975 3790 1021 3855 ita
1037 3789 1148 3865 movit,
1166 3799 1203 3854 ut
1221 3789 1308 3854 docti

277 3884 413 3950 hominis
432 3896 464 3950 et
482 3885 603 3971 copiosi
620 3897 652 3951 et
669 3885 772 3972 parati
789 3896 821 3951 et
838 3884 917 3950 nihil
934 3883 1166 3971 praetereuntis
1183 3905 1308 3960 eorum,

278 4001 360 4064 quae
377 3979 502 4065 proilla
516 3979 689 4045 causedici
705 3990 844 4065 possent,
862 4001 926 4045 non
944 3991 1061 4056 tamen,
1079 3988 1115 4044 ut
1130 3976 1160 4042 ei
1173 3999 1308 4063 respon-

278 4074 345 4139 deri
367 4095 460 4158 posse
484 4073 676 4152 diffiderem3
702 4075 872 4140 auctoritas
895 4085 1003 4140 autem
1024 4065 1113 4138 tanta
1134 4072 1230 4158 plane
1254 4095 1308 4136 me

280 4167 439 4245 movebat,
456 4168 518 4232 nisi
534 4178 571 4233 tu
588 4169 789 4255 opposuisses
807 4192 871 4236 non
887 4170 1042 4236 minorem
1059 4179 1159 4236 tuam.
1190 4167 1310 4254 adgre-
