2688 4730
279 302 321 369 66
588 311 628 368 Μ.
646 309 783 371 TULLII
800 309 1001 370 CICERONIS

221 459 261 502 121
278 439 466 518 fabricator,
488 436 587 504 fixisse
609 435 765 504 videatur.
810 457 909 524 negas
931 437 1000 504 sine
1022 437 1083 502 deo
1104 457 1199 523 posse
1217 435 1301 520 quic·
1327 421 1328 482 ἦ

278 558 375 622 quam
397 557 472 602 esce:
499 555 573 600 ecce
597 533 656 598 tibi
679 555 697 598 e
719 543 900 600 transverso
922 531 1165 618 Lampsacenus
1184 529 1300 606 Strato,

279 629 406 717 quidet
426 630 479 695 isti
502 629 561 695 deo
582 626 805 694 inmunitatem
826 627 936 714 magni
957 628 1087 713 quidem
1105 626 1249 692 muneris
1264 661 1302 672 -
1328 665 1329 676 κ

279 738 311 793 et
333 748 407 792 cum
430 724 620 791 sacerdotes
633 724 767 790 deorum
787 724 986 789 vacationem
1008 723 1163 801 habeant,
1184 729 1302 806 quanto

279 832 327 890 est
348 820 482 906 aequius
508 819 627 887 habere
652 818 739 905 ipsos
766 817 857 884 deos!
874 853 920 867 -
934 829 1033 905 negat
1054 838 1152 905 opera
1173 816 1301 882 deorum

279 940 313 983 se
331 915 379 982 uti
397 916 438 982 ad
456 912 680 980 fabricandum
693 913 864 994 mundum3
882 934 1103 998 quaecumque
1121 912 1193 988 sint,
1214 911 1302 976 docet

278 1011 386 1077 omnia
411 1009 526 1077 effecta
552 1033 620 1076 esse
641 1019 770 1088 natura,
796 1031 871 1088 nec,
897 1020 935 1075 ut
959 1010 1026 1089 ille,
1053 1009 1110 1095 qui
1131 1008 1253 1094 asperis
1275 1015 1303 1071 et

278 1107 403 1173 levibus
422 1117 453 1172 et
470 1105 605 1172 hamatis
623 1105 844 1190 uncinatisque
862 1105 1047 1192 corporibus
1062 1114 1211 1171 concreta
1227 1102 1301 1167 haec

280 1225 349 1268 osse
376 1201 462 1267 dicat
486 1201 652 1267 interiecto
676 1200 780 1278 inani3
798 1237 843 1248 -
860 1201 981 1266 somnia
1004 1209 1113 1267 censet
1133 1200 1215 1264 haec
1237 1219 1301 1264 esee

278 1295 467 1374 Democriti,
484 1319 550 1362 non
564 1297 715 1374 docentis,
734 1295 790 1362 sed
804 1296 956 1382 optantis3
973 1295 1098 1382 ——ipse
1116 1306 1226 1361 autem
1242 1293 1302 1358 sin·

279 1393 372 1480 gulas
390 1390 502 1457 mundi
522 1391 621 1479 partis
638 1413 847 1480 persequens,
865 1391 1018 1476 quicquid
1035 1402 1091 1457 aut
1109 1391 1149 1456 sit
1167 1401 1224 1454 aut
1239 1389 1300 1464 fiat,
1330 1403 1331 1422 ³

278 1487 477 1553 naturalibus
503 1487 573 1554 fieri
600 1498 656 1553 aut
686 1486 807 1552 factum
834 1509 903 1554 esse
930 1487 1023 1553 docet
1052 1484 1248 1573 ponderibus
1274 1493 1302 1548 et

277 1577 429 1647 motibus.
480 1603 521 1648 ne
543 1582 597 1650 ille
620 1593 653 1648 et
679 1582 774 1648 deum
796 1604 892 1668 opere
918 1602 1035 1668 magno
1061 1581 1177 1647 liberat
1197 1589 1230 1645 et
1254 1600 1301 1643 me

280 1677 392 1742 timore
397 1702 407 1755 ;
425 1678 496 1761 quis
515 1677 599 1742 enim
617 1687 735 1764 potest,
754 1698 828 1743 cum
847 1677 1005 1744 existimet
1022 1677 1126 1742 curari
1144 1699 1178 1741 se
1197 1697 1218 1740 a
1235 1674 1300 1749 deo,

279 1793 344 1838 non
362 1783 395 1838 et
412 1772 480 1838 dies
498 1783 529 1838 et
546 1773 648 1839 noctis
666 1772 809 1838 divinum
825 1795 946 1839 numen
962 1771 1110 1838 horrore?
1128 1782 1170 1847 et,
1188 1769 1302 1854 siquid

281 1867 406 1933 adversi
424 1868 721 1953 acciderit-quod
739 1867 791 1933 cui
807 1889 873 1932 non
891 1867 1025 1934 accidit?
1041 1903 1086 1950 -ss
1098 1866 1301 1932 extimescere

280 1985 320 2029 ne
338 1962 372 2027 id
393 1962 462 2032 iure
486 1963 645 2030 evenerit?
674 1985 734 2028 nec
753 1959 896 2029 Stratoni
918 1973 1025 2028 tamen
1043 1961 1218 2038 adsentior,
1246 1980 1301 2024 nec
1332 1994 1333 2088 p

280 2080 356 2123 vero
384 2057 457 2124 tibi:
488 2057 583 2123 modo
610 2058 686 2135 hoc,
717 2057 813 2122 modo
839 2057 919 2124 illud
945 2057 1141 2145 probabilius
1168 2056 1301 2122 videtur.
1332 2101 1333 2108 κ

229 2153 262 2208 39
278 2152 379 2219 latent
391 2153 454 2217 ista
467 2152 584 2228 omnia,
602 2150 749 2229 Luculle,
768 2153 881 2218 crassis
896 2154 1054 2218 occultata
1067 2163 1099 2218 et
1113 2151 1303 2218 circumfusa
1332 2149 1333 2152 ’

225 2227 262 2266 ¹²²
279 2246 433 2325 tenebris,
460 2258 497 2312 ut
518 2247 607 2313 nulla
629 2247 713 2313 acies
735 2248 867 2313 humani
888 2248 1010 2335 ingenii
1023 2258 1119 2313 tanta
1141 2247 1197 2325 eit,
1224 2267 1303 2330 quae

279 2342 487 2430 penetrarein
501 2343 635 2421 caelum,
654 2355 772 2409 terram
783 2343 900 2410 intrare
914 2343 1029 2431 possit:
1048 2364 1180 2430 corpora
1197 2353 1304 2407 nostra

278 2461 345 2503 non
362 2438 525 2517 novimus3
543 2440 600 2523 qui
617 2439 680 2503 sint
697 2439 776 2504 situs
792 2439 942 2526 partium,
960 2461 1057 2523 quam
1075 2440 1142 2504 rim
1158 2458 1304 2522 quaeque
1333 2479 1334 2522 ,

280 2556 354 2621 pars
377 2533 495 2600 habeat
516 2534 700 2620 ignoramus
706 2558 716 2610 ;
742 2533 850 2619 itaque
871 2535 986 2600 medici
1002 2534 1078 2621 ipsi,
1105 2554 1242 2618 quorum
1259 2532 1304 2596 in·
1333 2531 1334 2544 ¹

281 2640 399 2695 tereret
415 2651 454 2694 ea
467 2651 571 2706 nosse,
591 2638 793 2714 aperuerunt,
811 2639 847 2694 ut
860 2629 1055 2707 viderentur3
1073 2651 1133 2694 nec
1147 2649 1185 2693 eo
1200 2637 1304 2692 tamen

281 2724 371 2788 aiunt
388 2723 530 2809 empirici
550 2719 675 2788 notiora
692 2746 761 2789 esse
778 2724 847 2801 illa,
871 2722 947 2807 quia
963 2724 1062 2810 possit
1078 2722 1148 2788 fieri
1164 2733 1201 2787 ut
1218 2735 1305 2810 pate·

280 2818 366 2883 facta
384 2828 416 2883 et
433 2817 558 2882 detecta
574 2827 745 2883 mutentur.
790 2818 847 2884 sed
868 2818 983 2902 ecquid
999 2817 1189 2884 nos'eodem
1212 2817 1304 2881 modo

280 2935 387 2978 rerum
404 2922 535 2977 naturas
552 2934 733 2998 persecare,
751 2913 887 3000 aperire,
906 2912 1047 2978 dividere
1064 2933 1249 2999 possumus,
1272 2923 1304 2975 ut

277 3009 462 3082 uideamus,
489 3017 574 3072 terra
595 3008 763 3095 penitusne
787 3009 892 3073 defixa
913 3008 954 3073 sit
976 3018 1008 3072 et
1033 3007 1124 3091 quasi
1145 3005 1304 3070 radicibus

227 3123 263 3165 ua
282 3102 347 3168 suis
366 3103 495 3168 haereat
512 3124 555 3166 an
572 3103 678 3169 media
694 3103 852 3189 pendeat?
870 3101 1007 3167 habitari
1025 3103 1070 3168 ait
1085 3099 1304 3187 Xenophanes

280 3200 314 3265 in
335 3200 413 3265 luna
434 3220 569 3282 eamque
591 3222 661 3265 esse
683 3210 800 3264 terram
821 3198 994 3264 multarum
1016 3197 1143 3262 urbium
1162 3208 1195 3262 et
1217 3219 1305 3261 mon·

281 3295 377 3359 tium:
404 3304 552 3379 portenta
573 3293 734 3371 videntur,
762 3294 819 3359 sed
842 3305 948 3360 tamen
965 3315 1026 3359 nec
1048 3292 1115 3370 ille,
1142 3291 1199 3375 qui
1217 3291 1305 3366 dixit,

280 3389 385 3455 iurare
402 3399 510 3476 posset
526 3389 571 3453 ita
589 3411 623 3455 se
640 3411 707 3454 rem
724 3388 852 3464 habere,
870 3409 973 3472 neque
992 3409 1052 3474 ego
1069 3409 1134 3451 non
1151 3385 1207 3451 ita.
1251 3407 1305 3450 vos

281 3485 378 3551 etiam
396 3483 499 3550 dicitis
517 3506 586 3550 esse
604 3506 622 3548 e
639 3483 769 3570 regione
786 3483 893 3562 nobis,
910 3484 944 3549 in
962 3481 1120 3548 contraria
1137 3493 1228 3568 parte
1247 3491 1307 3547 ter·

281 3602 350 3657 rae,
376 3578 434 3664 qui
457 3578 600 3645 adversis
621 3578 764 3666 vestigiis
787 3590 871 3644 stent
893 3589 1003 3644 contra
1028 3589 1137 3642 nostra
1162 3576 1306 3664 vestigia,

282 3696 363 3759 quos
382 3669 563 3752 ἀντίποδας
580 3674 715 3738 vocatis:
738 3695 794 3739 cur
811 3673 889 3738 mihi
906 3673 1008 3759 magis
1027 3669 1234 3747 suscensetis,
1255 3669 1307 3754 qui

281 3769 343 3836 ista
359 3791 424 3834 non
443 3791 604 3855 aspernor,
623 3790 720 3852 quam
738 3767 798 3846 eis,
816 3770 882 3852 qui,
902 3790 975 3832 curn
994 3767 1142 3843 audiunt,
1162 3764 1306 3851 desipere

283 3887 339 3930 vos
358 3863 569 3930 arbitrantur?
586 3863 719 3928 Hicetas
730 3859 929 3950 Syracosius,
947 3873 984 3927 ut
1000 3862 1044 3927 ait
1056 3859 1307 3947 Theophrastus,

282 3960 421 4038 caelum,
448 3958 563 4036 solem,
589 3959 714 4035 lunam,
739 3957 863 4034 stellas,
895 3979 1010 4044 supera
1036 3954 1174 4039 denique
1200 3957 1308 4020 omnia

283 4064 368 4118 stare
385 4064 506 4130 censet,
528 4074 633 4137 neque
655 4061 781 4138 praeter
798 4063 915 4118 terram
935 4074 1004 4117 rem
1021 4051 1120 4116 ullam
1136 4050 1170 4114 in
1186 4049 1306 4114 mundo

283 4148 419 4226 moveri;
450 4169 533 4252 quae
560 4169 635 4214 cum
664 4146 785 4214 circum
810 4169 904 4212 axem
921 4167 965 4232 ‘se
996 4168 1122 4212 summa
1147 4144 1307 4212 celeritate
